%YAML 1.1
%TAG !u! tag:unity3d.com,2011:
--- !u!1 &5267302135488464656
GameObject:
  m_ObjectHideFlags: 0
  m_CorrespondingSourceObject: {fileID: 0}
  m_PrefabInstance: {fileID: 0}
  m_PrefabAsset: {fileID: 0}
  serializedVersion: 6
  m_Component:
  - component: {fileID: 2536392639817083774}
  - component: {fileID: 3429703849587573416}
  - component: {fileID: 2372489393758961542}
  - component: {fileID: 4149184452288361320}
  - component: {fileID: 2317888188146271548}
  - component: {fileID: 1217658282120504496}
  - component: {fileID: 2995540373553612356}
  m_Layer: 0
  m_Name: ElefanteImage
  m_TagString: Untagged
  m_Icon: {fileID: 0}
  m_NavMeshLayer: 0
  m_StaticEditorFlags: 0
  m_IsActive: 1
--- !u!4 &2536392639817083774
Transform:
  m_ObjectHideFlags: 0
  m_CorrespondingSourceObject: {fileID: 0}
  m_PrefabInstance: {fileID: 0}
  m_PrefabAsset: {fileID: 0}
  m_GameObject: {fileID: 5267302135488464656}
  m_LocalRotation: {x: 0, y: 0, z: 0, w: 1}
  m_LocalPosition: {x: -4904, y: 0, z: 0}
  m_LocalScale: {x: 1, y: 1, z: 1}
  m_Children:
  - {fileID: 7148778750366404357}
  - {fileID: 5197893333040619909}
  - {fileID: 1359433990331483026}
  - {fileID: 2699770119864661795}
  m_Father: {fileID: 0}
  m_RootOrder: 0
  m_LocalEulerAnglesHint: {x: 0, y: 0, z: 0}
--- !u!114 &3429703849587573416
MonoBehaviour:
  m_ObjectHideFlags: 0
  m_CorrespondingSourceObject: {fileID: 0}
  m_PrefabInstance: {fileID: 0}
  m_PrefabAsset: {fileID: 0}
  m_GameObject: {fileID: 5267302135488464656}
  m_Enabled: 1
  m_EditorHideFlags: 0
  m_Script: {fileID: -1631628248, guid: 4bc5fd733b147194692297d23f623541, type: 3}
  m_Name: 
  m_EditorClassIdentifier: 
  mTrackableName: Leao
  mInitializedInEditor: 1
  mDataSetPath: Vuforia/RA1.xml
  mAspectRatio: 1
  mImageTargetType: 0
  mWidth: 1000
  mHeight: 1000
  mRuntimeTexture: {fileID: 0}
--- !u!114 &2372489393758961542
MonoBehaviour:
  m_ObjectHideFlags: 0
  m_CorrespondingSourceObject: {fileID: 0}
  m_PrefabInstance: {fileID: 0}
  m_PrefabAsset: {fileID: 0}
  m_GameObject: {fileID: 5267302135488464656}
  m_Enabled: 1
  m_EditorHideFlags: 0
  m_Script: {fileID: 11500000, guid: 5a917f0af64a6423093132dab321c15f, type: 3}
  m_Name: 
  m_EditorClassIdentifier: 
  StatusFilter: 0
  OnTargetFound:
    m_PersistentCalls:
      m_Calls: []
  OnTargetLost:
    m_PersistentCalls:
      m_Calls: []
--- !u!114 &4149184452288361320
MonoBehaviour:
  m_ObjectHideFlags: 0
  m_CorrespondingSourceObject: {fileID: 0}
  m_PrefabInstance: {fileID: 0}
  m_PrefabAsset: {fileID: 0}
  m_GameObject: {fileID: 5267302135488464656}
  m_Enabled: 1
  m_EditorHideFlags: 0
  m_Script: {fileID: -1770992566, guid: 4bc5fd733b147194692297d23f623541, type: 3}
  m_Name: 
  m_EditorClassIdentifier: 
--- !u!23 &2317888188146271548
MeshRenderer:
  m_ObjectHideFlags: 0
  m_CorrespondingSourceObject: {fileID: 0}
  m_PrefabInstance: {fileID: 0}
  m_PrefabAsset: {fileID: 0}
  m_GameObject: {fileID: 5267302135488464656}
  m_Enabled: 1
  m_CastShadows: 1
  m_ReceiveShadows: 1
  m_DynamicOccludee: 1
  m_MotionVectors: 1
  m_LightProbeUsage: 0
  m_ReflectionProbeUsage: 1
  m_RayTracingMode: 2
  m_RenderingLayerMask: 1
  m_RendererPriority: 0
  m_Materials:
  - {fileID: 0}
  m_StaticBatchInfo:
    firstSubMesh: 0
    subMeshCount: 0
  m_StaticBatchRoot: {fileID: 0}
  m_ProbeAnchor: {fileID: 0}
  m_LightProbeVolumeOverride: {fileID: 0}
  m_ScaleInLightmap: 1
  m_ReceiveGI: 1
  m_PreserveUVs: 0
  m_IgnoreNormalsForChartDetection: 0
  m_ImportantGI: 0
  m_StitchLightmapSeams: 1
  m_SelectedEditorRenderState: 3
  m_MinimumChartSize: 4
  m_AutoUVMaxDistance: 0.5
  m_AutoUVMaxAngle: 89
  m_LightmapParameters: {fileID: 0}
  m_SortingLayerID: 0
  m_SortingLayer: 0
  m_SortingOrder: 0
--- !u!33 &1217658282120504496
MeshFilter:
  m_ObjectHideFlags: 0
  m_CorrespondingSourceObject: {fileID: 0}
  m_PrefabInstance: {fileID: 0}
  m_PrefabAsset: {fileID: 0}
  m_GameObject: {fileID: 5267302135488464656}
  m_Mesh: {fileID: 0}
--- !u!114 &2995540373553612356
MonoBehaviour:
  m_ObjectHideFlags: 0
  m_CorrespondingSourceObject: {fileID: 0}
  m_PrefabInstance: {fileID: 0}
  m_PrefabAsset: {fileID: 0}
  m_GameObject: {fileID: 5267302135488464656}
  m_Enabled: 1
  m_EditorHideFlags: 0
  m_Script: {fileID: 11500000, guid: 7fd7a95dd45c147438e4660b5ca0b660, type: 3}
  m_Name: 
  m_EditorClassIdentifier: 
  _desafios:
  - {fileID: 2699770119864661800}
--- !u!1001 &845642091713652201
PrefabInstance:
  m_ObjectHideFlags: 0
  serializedVersion: 2
  m_Modification:
    m_TransformParent: {fileID: 2536392639817083774}
    m_Modifications:
    - target: {fileID: 3372019223509544929, guid: 5fcad817d1ceebf4581f7bcd681ec064,
        type: 3}
      propertyPath: m_textInfo.characterCount
      value: 1
      objectReference: {fileID: 0}
    - target: {fileID: 3372019223509544929, guid: 5fcad817d1ceebf4581f7bcd681ec064,
        type: 3}
      propertyPath: m_textInfo.spaceCount
      value: 1
      objectReference: {fileID: 0}
    - target: {fileID: 3372019223509544929, guid: 5fcad817d1ceebf4581f7bcd681ec064,
        type: 3}
      propertyPath: m_textInfo.wordCount
      value: 1
      objectReference: {fileID: 0}
    - target: {fileID: 3372019223509544929, guid: 5fcad817d1ceebf4581f7bcd681ec064,
        type: 3}
      propertyPath: m_textInfo.lineCount
      value: 1
      objectReference: {fileID: 0}
    - target: {fileID: 3372019223509544929, guid: 5fcad817d1ceebf4581f7bcd681ec064,
        type: 3}
      propertyPath: m_textInfo.pageCount
      value: 1
      objectReference: {fileID: 0}
    - target: {fileID: 3372019223525774014, guid: 5fcad817d1ceebf4581f7bcd681ec064,
        type: 3}
      propertyPath: _animalControllerP1
      value: 
      objectReference: {fileID: 0}
    - target: {fileID: 3372019223525774014, guid: 5fcad817d1ceebf4581f7bcd681ec064,
        type: 3}
      propertyPath: _animalControllerP2
      value: 
      objectReference: {fileID: 0}
    - target: {fileID: 3372019223525774014, guid: 5fcad817d1ceebf4581f7bcd681ec064,
        type: 3}
      propertyPath: _tipoDeSom
      value: 
      objectReference: {fileID: 11400000, guid: 8021361b3366e324091ddebce7df2ba1,
        type: 2}
    - target: {fileID: 3372019223525774017, guid: 5fcad817d1ceebf4581f7bcd681ec064,
        type: 3}
      propertyPath: m_Name
      value: DesafioOpcaoCertaSom
      objectReference: {fileID: 0}
    - target: {fileID: 3372019223525774026, guid: 5fcad817d1ceebf4581f7bcd681ec064,
        type: 3}
      propertyPath: m_LocalPosition.x
      value: 0
      objectReference: {fileID: 0}
    - target: {fileID: 3372019223525774026, guid: 5fcad817d1ceebf4581f7bcd681ec064,
        type: 3}
      propertyPath: m_LocalPosition.y
      value: 0
      objectReference: {fileID: 0}
    - target: {fileID: 3372019223525774026, guid: 5fcad817d1ceebf4581f7bcd681ec064,
        type: 3}
      propertyPath: m_LocalPosition.z
      value: -700
      objectReference: {fileID: 0}
    - target: {fileID: 3372019223525774026, guid: 5fcad817d1ceebf4581f7bcd681ec064,
        type: 3}
      propertyPath: m_LocalRotation.x
      value: 0.2164396
      objectReference: {fileID: 0}
    - target: {fileID: 3372019223525774026, guid: 5fcad817d1ceebf4581f7bcd681ec064,
        type: 3}
      propertyPath: m_LocalRotation.y
      value: 0
      objectReference: {fileID: 0}
    - target: {fileID: 3372019223525774026, guid: 5fcad817d1ceebf4581f7bcd681ec064,
        type: 3}
      propertyPath: m_LocalRotation.z
      value: 0
      objectReference: {fileID: 0}
    - target: {fileID: 3372019223525774026, guid: 5fcad817d1ceebf4581f7bcd681ec064,
        type: 3}
      propertyPath: m_LocalRotation.w
      value: 0.97629607
      objectReference: {fileID: 0}
    - target: {fileID: 3372019223525774026, guid: 5fcad817d1ceebf4581f7bcd681ec064,
        type: 3}
      propertyPath: m_RootOrder
      value: 3
      objectReference: {fileID: 0}
    - target: {fileID: 3372019223525774026, guid: 5fcad817d1ceebf4581f7bcd681ec064,
        type: 3}
      propertyPath: m_LocalEulerAnglesHint.x
      value: 25
      objectReference: {fileID: 0}
    - target: {fileID: 3372019223525774026, guid: 5fcad817d1ceebf4581f7bcd681ec064,
        type: 3}
      propertyPath: m_LocalEulerAnglesHint.y
      value: 0
      objectReference: {fileID: 0}
    - target: {fileID: 3372019223525774026, guid: 5fcad817d1ceebf4581f7bcd681ec064,
        type: 3}
      propertyPath: m_LocalEulerAnglesHint.z
      value: 0
      objectReference: {fileID: 0}
    - target: {fileID: 3372019223525774026, guid: 5fcad817d1ceebf4581f7bcd681ec064,
        type: 3}
      propertyPath: m_AnchoredPosition.x
      value: 0
      objectReference: {fileID: 0}
    - target: {fileID: 3372019223525774026, guid: 5fcad817d1ceebf4581f7bcd681ec064,
        type: 3}
      propertyPath: m_AnchoredPosition.y
      value: 380
      objectReference: {fileID: 0}
    - target: {fileID: 3372019223525774026, guid: 5fcad817d1ceebf4581f7bcd681ec064,
        type: 3}
      propertyPath: m_SizeDelta.x
      value: 0
      objectReference: {fileID: 0}
    - target: {fileID: 3372019223525774026, guid: 5fcad817d1ceebf4581f7bcd681ec064,
        type: 3}
      propertyPath: m_SizeDelta.y
      value: 0
      objectReference: {fileID: 0}
    - target: {fileID: 3372019223525774026, guid: 5fcad817d1ceebf4581f7bcd681ec064,
        type: 3}
      propertyPath: m_AnchorMin.x
      value: 0
      objectReference: {fileID: 0}
    - target: {fileID: 3372019223525774026, guid: 5fcad817d1ceebf4581f7bcd681ec064,
        type: 3}
      propertyPath: m_AnchorMin.y
      value: 0
      objectReference: {fileID: 0}
    - target: {fileID: 3372019223525774026, guid: 5fcad817d1ceebf4581f7bcd681ec064,
        type: 3}
      propertyPath: m_AnchorMax.x
      value: 0
      objectReference: {fileID: 0}
    - target: {fileID: 3372019223525774026, guid: 5fcad817d1ceebf4581f7bcd681ec064,
        type: 3}
      propertyPath: m_AnchorMax.y
      value: 0
      objectReference: {fileID: 0}
    - target: {fileID: 3372019223525774026, guid: 5fcad817d1ceebf4581f7bcd681ec064,
        type: 3}
      propertyPath: m_Pivot.x
      value: 0
      objectReference: {fileID: 0}
    - target: {fileID: 3372019223525774026, guid: 5fcad817d1ceebf4581f7bcd681ec064,
        type: 3}
      propertyPath: m_Pivot.y
      value: 0
      objectReference: {fileID: 0}
    - target: {fileID: 3372019224092212792, guid: 5fcad817d1ceebf4581f7bcd681ec064,
        type: 3}
      propertyPath: m_textInfo.characterCount
      value: 1
      objectReference: {fileID: 0}
    - target: {fileID: 3372019224092212792, guid: 5fcad817d1ceebf4581f7bcd681ec064,
        type: 3}
      propertyPath: m_textInfo.spaceCount
      value: 1
      objectReference: {fileID: 0}
    - target: {fileID: 3372019224092212792, guid: 5fcad817d1ceebf4581f7bcd681ec064,
        type: 3}
      propertyPath: m_textInfo.wordCount
      value: 1
      objectReference: {fileID: 0}
    - target: {fileID: 3372019224092212792, guid: 5fcad817d1ceebf4581f7bcd681ec064,
        type: 3}
      propertyPath: m_textInfo.lineCount
      value: 1
      objectReference: {fileID: 0}
    - target: {fileID: 3372019224092212792, guid: 5fcad817d1ceebf4581f7bcd681ec064,
        type: 3}
      propertyPath: m_textInfo.pageCount
      value: 1
      objectReference: {fileID: 0}
    - target: {fileID: 3372019224538266425, guid: 5fcad817d1ceebf4581f7bcd681ec064,
        type: 3}
      propertyPath: m_textInfo.characterCount
      value: 1
      objectReference: {fileID: 0}
    - target: {fileID: 3372019224538266425, guid: 5fcad817d1ceebf4581f7bcd681ec064,
        type: 3}
      propertyPath: m_textInfo.spaceCount
      value: 1
      objectReference: {fileID: 0}
    - target: {fileID: 3372019224538266425, guid: 5fcad817d1ceebf4581f7bcd681ec064,
        type: 3}
      propertyPath: m_textInfo.wordCount
      value: 1
      objectReference: {fileID: 0}
    - target: {fileID: 3372019224538266425, guid: 5fcad817d1ceebf4581f7bcd681ec064,
        type: 3}
      propertyPath: m_textInfo.lineCount
      value: 1
      objectReference: {fileID: 0}
    - target: {fileID: 3372019224538266425, guid: 5fcad817d1ceebf4581f7bcd681ec064,
        type: 3}
      propertyPath: m_textInfo.pageCount
      value: 1
      objectReference: {fileID: 0}
    - target: {fileID: 3372019224637359992, guid: 5fcad817d1ceebf4581f7bcd681ec064,
        type: 3}
      propertyPath: m_textInfo.characterCount
      value: 24
      objectReference: {fileID: 0}
    - target: {fileID: 3372019224637359992, guid: 5fcad817d1ceebf4581f7bcd681ec064,
        type: 3}
      propertyPath: m_textInfo.spaceCount
      value: 4
      objectReference: {fileID: 0}
    - target: {fileID: 3372019224637359992, guid: 5fcad817d1ceebf4581f7bcd681ec064,
        type: 3}
      propertyPath: m_textInfo.wordCount
      value: 5
      objectReference: {fileID: 0}
    - target: {fileID: 3372019224637359992, guid: 5fcad817d1ceebf4581f7bcd681ec064,
        type: 3}
      propertyPath: m_textInfo.lineCount
      value: 1
      objectReference: {fileID: 0}
    - target: {fileID: 3372019224637359992, guid: 5fcad817d1ceebf4581f7bcd681ec064,
        type: 3}
      propertyPath: m_textInfo.pageCount
      value: 1
      objectReference: {fileID: 0}
    - target: {fileID: 5066355559197668535, guid: 5fcad817d1ceebf4581f7bcd681ec064,
        type: 3}
      propertyPath: m_textInfo.characterCount
      value: 1
      objectReference: {fileID: 0}
    - target: {fileID: 5066355559197668535, guid: 5fcad817d1ceebf4581f7bcd681ec064,
        type: 3}
      propertyPath: m_textInfo.spaceCount
      value: 1
      objectReference: {fileID: 0}
    - target: {fileID: 5066355559197668535, guid: 5fcad817d1ceebf4581f7bcd681ec064,
        type: 3}
      propertyPath: m_textInfo.wordCount
      value: 1
      objectReference: {fileID: 0}
    - target: {fileID: 5066355559197668535, guid: 5fcad817d1ceebf4581f7bcd681ec064,
        type: 3}
      propertyPath: m_textInfo.lineCount
      value: 1
      objectReference: {fileID: 0}
    - target: {fileID: 5066355559197668535, guid: 5fcad817d1ceebf4581f7bcd681ec064,
        type: 3}
      propertyPath: m_textInfo.pageCount
      value: 1
      objectReference: {fileID: 0}
    - target: {fileID: 5066355559672316714, guid: 5fcad817d1ceebf4581f7bcd681ec064,
        type: 3}
      propertyPath: m_textInfo.characterCount
      value: 1
      objectReference: {fileID: 0}
    - target: {fileID: 5066355559672316714, guid: 5fcad817d1ceebf4581f7bcd681ec064,
        type: 3}
      propertyPath: m_textInfo.spaceCount
      value: 1
      objectReference: {fileID: 0}
    - target: {fileID: 5066355559672316714, guid: 5fcad817d1ceebf4581f7bcd681ec064,
        type: 3}
      propertyPath: m_textInfo.wordCount
      value: 1
      objectReference: {fileID: 0}
    - target: {fileID: 5066355559672316714, guid: 5fcad817d1ceebf4581f7bcd681ec064,
        type: 3}
      propertyPath: m_textInfo.lineCount
      value: 1
      objectReference: {fileID: 0}
    - target: {fileID: 5066355559672316714, guid: 5fcad817d1ceebf4581f7bcd681ec064,
        type: 3}
      propertyPath: m_textInfo.pageCount
      value: 1
      objectReference: {fileID: 0}
    - target: {fileID: 5066355559859668677, guid: 5fcad817d1ceebf4581f7bcd681ec064,
        type: 3}
      propertyPath: m_textInfo.characterCount
      value: 1
      objectReference: {fileID: 0}
    - target: {fileID: 5066355559859668677, guid: 5fcad817d1ceebf4581f7bcd681ec064,
        type: 3}
      propertyPath: m_textInfo.spaceCount
      value: 1
      objectReference: {fileID: 0}
    - target: {fileID: 5066355559859668677, guid: 5fcad817d1ceebf4581f7bcd681ec064,
        type: 3}
      propertyPath: m_textInfo.wordCount
      value: 1
      objectReference: {fileID: 0}
    - target: {fileID: 5066355559859668677, guid: 5fcad817d1ceebf4581f7bcd681ec064,
        type: 3}
      propertyPath: m_textInfo.lineCount
      value: 1
      objectReference: {fileID: 0}
    - target: {fileID: 5066355559859668677, guid: 5fcad817d1ceebf4581f7bcd681ec064,
        type: 3}
      propertyPath: m_textInfo.pageCount
      value: 1
      objectReference: {fileID: 0}
    m_RemovedComponents: []
  m_SourcePrefab: {fileID: 100100000, guid: 5fcad817d1ceebf4581f7bcd681ec064, type: 3}
--- !u!1 &2699770119864661800 stripped
GameObject:
  m_CorrespondingSourceObject: {fileID: 3372019223525774017, guid: 5fcad817d1ceebf4581f7bcd681ec064,
    type: 3}
  m_PrefabInstance: {fileID: 845642091713652201}
  m_PrefabAsset: {fileID: 0}
--- !u!224 &2699770119864661795 stripped
RectTransform:
  m_CorrespondingSourceObject: {fileID: 3372019223525774026, guid: 5fcad817d1ceebf4581f7bcd681ec064,
    type: 3}
  m_PrefabInstance: {fileID: 845642091713652201}
  m_PrefabAsset: {fileID: 0}
--- !u!1001 &2309585268389514885
PrefabInstance:
  m_ObjectHideFlags: 0
  serializedVersion: 2
  m_Modification:
    m_TransformParent: {fileID: 2536392639817083774}
    m_Modifications:
    - target: {fileID: 4843863245987398016, guid: cda20072a38c6084ba62ccee1b054413,
        type: 3}
      propertyPath: m_LocalPosition.x
      value: 0.31
      objectReference: {fileID: 0}
    - target: {fileID: 4843863245987398016, guid: cda20072a38c6084ba62ccee1b054413,
        type: 3}
      propertyPath: m_LocalPosition.y
      value: -0.85999966
      objectReference: {fileID: 0}
    - target: {fileID: 4843863245987398016, guid: cda20072a38c6084ba62ccee1b054413,
        type: 3}
      propertyPath: m_LocalPosition.z
      value: 13.86
      objectReference: {fileID: 0}
    - target: {fileID: 4843863245987398016, guid: cda20072a38c6084ba62ccee1b054413,
        type: 3}
      propertyPath: m_LocalRotation.x
      value: 0
      objectReference: {fileID: 0}
    - target: {fileID: 4843863245987398016, guid: cda20072a38c6084ba62ccee1b054413,
        type: 3}
      propertyPath: m_LocalRotation.y
      value: 0.9961947
      objectReference: {fileID: 0}
    - target: {fileID: 4843863245987398016, guid: cda20072a38c6084ba62ccee1b054413,
        type: 3}
      propertyPath: m_LocalRotation.z
      value: -0
      objectReference: {fileID: 0}
    - target: {fileID: 4843863245987398016, guid: cda20072a38c6084ba62ccee1b054413,
        type: 3}
      propertyPath: m_LocalRotation.w
      value: -0.08715578
      objectReference: {fileID: 0}
    - target: {fileID: 4843863245987398016, guid: cda20072a38c6084ba62ccee1b054413,
        type: 3}
      propertyPath: m_RootOrder
      value: 0
      objectReference: {fileID: 0}
    - target: {fileID: 4843863245987398016, guid: cda20072a38c6084ba62ccee1b054413,
        type: 3}
      propertyPath: m_LocalEulerAnglesHint.x
      value: 0
      objectReference: {fileID: 0}
    - target: {fileID: 4843863245987398016, guid: cda20072a38c6084ba62ccee1b054413,
        type: 3}
      propertyPath: m_LocalEulerAnglesHint.y
      value: 190
      objectReference: {fileID: 0}
    - target: {fileID: 4843863245987398016, guid: cda20072a38c6084ba62ccee1b054413,
        type: 3}
      propertyPath: m_LocalEulerAnglesHint.z
      value: 0
      objectReference: {fileID: 0}
    - target: {fileID: 4843863245987398016, guid: cda20072a38c6084ba62ccee1b054413,
        type: 3}
      propertyPath: m_LocalScale.x
      value: 90
      objectReference: {fileID: 0}
    - target: {fileID: 4843863245987398016, guid: cda20072a38c6084ba62ccee1b054413,
        type: 3}
      propertyPath: m_LocalScale.y
      value: 90
      objectReference: {fileID: 0}
    - target: {fileID: 4843863245987398016, guid: cda20072a38c6084ba62ccee1b054413,
        type: 3}
      propertyPath: m_LocalScale.z
      value: 90
      objectReference: {fileID: 0}
    - target: {fileID: 4843863245987398076, guid: cda20072a38c6084ba62ccee1b054413,
        type: 3}
      propertyPath: m_Name
      value: Elephant
      objectReference: {fileID: 0}
    m_RemovedComponents: []
  m_SourcePrefab: {fileID: 100100000, guid: cda20072a38c6084ba62ccee1b054413, type: 3}
--- !u!4 &7148778750366404357 stripped
Transform:
  m_CorrespondingSourceObject: {fileID: 4843863245987398016, guid: cda20072a38c6084ba62ccee1b054413,
    type: 3}
  m_PrefabInstance: {fileID: 2309585268389514885}
  m_PrefabAsset: {fileID: 0}
--- !u!1001 &4630884191650476618
PrefabInstance:
  m_ObjectHideFlags: 0
  serializedVersion: 2
  m_Modification:
    m_TransformParent: {fileID: 2536392639817083774}
    m_Modifications:
    - target: {fileID: 605334827025929167, guid: 48ccb65fdd50f4547b2bd501d272d923,
        type: 3}
      propertyPath: m_LocalPosition.x
      value: 0
      objectReference: {fileID: 0}
    - target: {fileID: 605334827025929167, guid: 48ccb65fdd50f4547b2bd501d272d923,
        type: 3}
      propertyPath: m_LocalPosition.y
      value: 0
      objectReference: {fileID: 0}
    - target: {fileID: 605334827025929167, guid: 48ccb65fdd50f4547b2bd501d272d923,
        type: 3}
      propertyPath: m_LocalPosition.z
      value: -700
      objectReference: {fileID: 0}
    - target: {fileID: 605334827025929167, guid: 48ccb65fdd50f4547b2bd501d272d923,
        type: 3}
      propertyPath: m_LocalRotation.x
      value: 0.2164396
      objectReference: {fileID: 0}
    - target: {fileID: 605334827025929167, guid: 48ccb65fdd50f4547b2bd501d272d923,
        type: 3}
      propertyPath: m_LocalRotation.y
      value: 0
      objectReference: {fileID: 0}
    - target: {fileID: 605334827025929167, guid: 48ccb65fdd50f4547b2bd501d272d923,
        type: 3}
      propertyPath: m_LocalRotation.z
      value: 0
      objectReference: {fileID: 0}
    - target: {fileID: 605334827025929167, guid: 48ccb65fdd50f4547b2bd501d272d923,
        type: 3}
      propertyPath: m_LocalRotation.w
      value: 0.97629607
      objectReference: {fileID: 0}
    - target: {fileID: 605334827025929167, guid: 48ccb65fdd50f4547b2bd501d272d923,
        type: 3}
      propertyPath: m_RootOrder
      value: 1
      objectReference: {fileID: 0}
    - target: {fileID: 605334827025929167, guid: 48ccb65fdd50f4547b2bd501d272d923,
        type: 3}
      propertyPath: m_LocalEulerAnglesHint.x
      value: 25
      objectReference: {fileID: 0}
    - target: {fileID: 605334827025929167, guid: 48ccb65fdd50f4547b2bd501d272d923,
        type: 3}
      propertyPath: m_LocalEulerAnglesHint.y
      value: 0
      objectReference: {fileID: 0}
    - target: {fileID: 605334827025929167, guid: 48ccb65fdd50f4547b2bd501d272d923,
        type: 3}
      propertyPath: m_LocalEulerAnglesHint.z
      value: 0
      objectReference: {fileID: 0}
    - target: {fileID: 605334827025929167, guid: 48ccb65fdd50f4547b2bd501d272d923,
        type: 3}
      propertyPath: m_AnchoredPosition.x
      value: 0
      objectReference: {fileID: 0}
    - target: {fileID: 605334827025929167, guid: 48ccb65fdd50f4547b2bd501d272d923,
        type: 3}
      propertyPath: m_AnchoredPosition.y
      value: 380
      objectReference: {fileID: 0}
    - target: {fileID: 605334827025929167, guid: 48ccb65fdd50f4547b2bd501d272d923,
        type: 3}
      propertyPath: m_SizeDelta.x
      value: 0
      objectReference: {fileID: 0}
    - target: {fileID: 605334827025929167, guid: 48ccb65fdd50f4547b2bd501d272d923,
        type: 3}
      propertyPath: m_SizeDelta.y
      value: 0
      objectReference: {fileID: 0}
    - target: {fileID: 605334827025929167, guid: 48ccb65fdd50f4547b2bd501d272d923,
        type: 3}
      propertyPath: m_AnchorMin.x
      value: 0
      objectReference: {fileID: 0}
    - target: {fileID: 605334827025929167, guid: 48ccb65fdd50f4547b2bd501d272d923,
        type: 3}
      propertyPath: m_AnchorMin.y
      value: 0
      objectReference: {fileID: 0}
    - target: {fileID: 605334827025929167, guid: 48ccb65fdd50f4547b2bd501d272d923,
        type: 3}
      propertyPath: m_AnchorMax.x
      value: 0
      objectReference: {fileID: 0}
    - target: {fileID: 605334827025929167, guid: 48ccb65fdd50f4547b2bd501d272d923,
        type: 3}
      propertyPath: m_AnchorMax.y
      value: 0
      objectReference: {fileID: 0}
    - target: {fileID: 605334827025929167, guid: 48ccb65fdd50f4547b2bd501d272d923,
        type: 3}
      propertyPath: m_Pivot.x
      value: 0
      objectReference: {fileID: 0}
    - target: {fileID: 605334827025929167, guid: 48ccb65fdd50f4547b2bd501d272d923,
        type: 3}
      propertyPath: m_Pivot.y
      value: 0
      objectReference: {fileID: 0}
    - target: {fileID: 675865110338498675, guid: 48ccb65fdd50f4547b2bd501d272d923,
        type: 3}
      propertyPath: m_Name
      value: DesafioOpcaoCertaComida
      objectReference: {fileID: 0}
    - target: {fileID: 675865110338498675, guid: 48ccb65fdd50f4547b2bd501d272d923,
        type: 3}
      propertyPath: m_IsActive
      value: 0
      objectReference: {fileID: 0}
    - target: {fileID: 3683319567343052599, guid: 48ccb65fdd50f4547b2bd501d272d923,
        type: 3}
      propertyPath: m_textInfo.characterCount
      value: 1
      objectReference: {fileID: 0}
    - target: {fileID: 3683319567343052599, guid: 48ccb65fdd50f4547b2bd501d272d923,
        type: 3}
      propertyPath: m_textInfo.spaceCount
      value: 1
      objectReference: {fileID: 0}
    - target: {fileID: 3683319567343052599, guid: 48ccb65fdd50f4547b2bd501d272d923,
        type: 3}
      propertyPath: m_textInfo.wordCount
      value: 1
      objectReference: {fileID: 0}
    - target: {fileID: 3683319567343052599, guid: 48ccb65fdd50f4547b2bd501d272d923,
        type: 3}
      propertyPath: m_textInfo.lineCount
      value: 1
      objectReference: {fileID: 0}
    - target: {fileID: 3683319567343052599, guid: 48ccb65fdd50f4547b2bd501d272d923,
        type: 3}
      propertyPath: m_textInfo.pageCount
      value: 1
      objectReference: {fileID: 0}
    - target: {fileID: 4558511356101872841, guid: 48ccb65fdd50f4547b2bd501d272d923,
        type: 3}
      propertyPath: _animalControllerP1
      value: 
      objectReference: {fileID: 0}
    - target: {fileID: 4558511356101872841, guid: 48ccb65fdd50f4547b2bd501d272d923,
        type: 3}
      propertyPath: _animalControllerP2
      value: 
      objectReference: {fileID: 0}
    - target: {fileID: 4558511356101872841, guid: 48ccb65fdd50f4547b2bd501d272d923,
        type: 3}
      propertyPath: _camera
      value: 
      objectReference: {fileID: 0}
    - target: {fileID: 4558511356101872841, guid: 48ccb65fdd50f4547b2bd501d272d923,
        type: 3}
      propertyPath: _tipoDeAnimal
      value: 
      objectReference: {fileID: 11400000, guid: 74ac13f4776c52a46992f7691bf014bc,
        type: 2}
    - target: {fileID: 5084958568711782084, guid: 48ccb65fdd50f4547b2bd501d272d923,
        type: 3}
      propertyPath: m_textInfo.characterCount
      value: 1
      objectReference: {fileID: 0}
    - target: {fileID: 5084958568711782084, guid: 48ccb65fdd50f4547b2bd501d272d923,
        type: 3}
      propertyPath: m_textInfo.spaceCount
      value: 1
      objectReference: {fileID: 0}
    - target: {fileID: 5084958568711782084, guid: 48ccb65fdd50f4547b2bd501d272d923,
        type: 3}
      propertyPath: m_textInfo.wordCount
      value: 1
      objectReference: {fileID: 0}
    - target: {fileID: 5084958568711782084, guid: 48ccb65fdd50f4547b2bd501d272d923,
        type: 3}
      propertyPath: m_textInfo.lineCount
      value: 1
      objectReference: {fileID: 0}
    - target: {fileID: 5084958568711782084, guid: 48ccb65fdd50f4547b2bd501d272d923,
        type: 3}
      propertyPath: m_textInfo.pageCount
      value: 1
      objectReference: {fileID: 0}
    - target: {fileID: 5343177671356547589, guid: 48ccb65fdd50f4547b2bd501d272d923,
        type: 3}
      propertyPath: m_textInfo.characterCount
      value: 36
      objectReference: {fileID: 0}
    - target: {fileID: 5343177671356547589, guid: 48ccb65fdd50f4547b2bd501d272d923,
        type: 3}
      propertyPath: m_textInfo.spaceCount
      value: 6
      objectReference: {fileID: 0}
    - target: {fileID: 5343177671356547589, guid: 48ccb65fdd50f4547b2bd501d272d923,
        type: 3}
      propertyPath: m_textInfo.wordCount
      value: 7
      objectReference: {fileID: 0}
    - target: {fileID: 5343177671356547589, guid: 48ccb65fdd50f4547b2bd501d272d923,
        type: 3}
      propertyPath: m_textInfo.lineCount
      value: 1
      objectReference: {fileID: 0}
    - target: {fileID: 5343177671356547589, guid: 48ccb65fdd50f4547b2bd501d272d923,
        type: 3}
      propertyPath: m_textInfo.pageCount
      value: 1
      objectReference: {fileID: 0}
    - target: {fileID: 5394872331710167692, guid: 48ccb65fdd50f4547b2bd501d272d923,
        type: 3}
      propertyPath: m_AnchoredPosition.y
      value: 702
      objectReference: {fileID: 0}
    - target: {fileID: 6111085564617973797, guid: 48ccb65fdd50f4547b2bd501d272d923,
        type: 3}
      propertyPath: m_textInfo.characterCount
      value: 1
      objectReference: {fileID: 0}
    - target: {fileID: 6111085564617973797, guid: 48ccb65fdd50f4547b2bd501d272d923,
        type: 3}
      propertyPath: m_textInfo.spaceCount
      value: 1
      objectReference: {fileID: 0}
    - target: {fileID: 6111085564617973797, guid: 48ccb65fdd50f4547b2bd501d272d923,
        type: 3}
      propertyPath: m_textInfo.wordCount
      value: 1
      objectReference: {fileID: 0}
    - target: {fileID: 6111085564617973797, guid: 48ccb65fdd50f4547b2bd501d272d923,
        type: 3}
      propertyPath: m_textInfo.lineCount
      value: 1
      objectReference: {fileID: 0}
    - target: {fileID: 6111085564617973797, guid: 48ccb65fdd50f4547b2bd501d272d923,
        type: 3}
      propertyPath: m_textInfo.pageCount
      value: 1
      objectReference: {fileID: 0}
    m_RemovedComponents: []
  m_SourcePrefab: {fileID: 100100000, guid: 48ccb65fdd50f4547b2bd501d272d923, type: 3}
--- !u!224 &5197893333040619909 stripped
RectTransform:
  m_CorrespondingSourceObject: {fileID: 605334827025929167, guid: 48ccb65fdd50f4547b2bd501d272d923,
    type: 3}
  m_PrefabInstance: {fileID: 4630884191650476618}
  m_PrefabAsset: {fileID: 0}
--- !u!1001 &6294413306814839150
PrefabInstance:
  m_ObjectHideFlags: 0
  serializedVersion: 2
  m_Modification:
    m_TransformParent: {fileID: 2536392639817083774}
    m_Modifications:
    - target: {fileID: 1578926113353425165, guid: abbcbdaccd421524cb72de87ae888217,
        type: 3}
      propertyPath: m_textInfo.characterCount
      value: 1
      objectReference: {fileID: 0}
    - target: {fileID: 1578926113353425165, guid: abbcbdaccd421524cb72de87ae888217,
        type: 3}
      propertyPath: m_textInfo.spaceCount
      value: 1
      objectReference: {fileID: 0}
    - target: {fileID: 1578926113353425165, guid: abbcbdaccd421524cb72de87ae888217,
        type: 3}
      propertyPath: m_textInfo.wordCount
      value: 1
      objectReference: {fileID: 0}
    - target: {fileID: 1578926113353425165, guid: abbcbdaccd421524cb72de87ae888217,
        type: 3}
      propertyPath: m_textInfo.lineCount
      value: 1
      objectReference: {fileID: 0}
    - target: {fileID: 1578926113353425165, guid: abbcbdaccd421524cb72de87ae888217,
        type: 3}
      propertyPath: m_textInfo.pageCount
      value: 1
      objectReference: {fileID: 0}
    - target: {fileID: 1679817679844524045, guid: abbcbdaccd421524cb72de87ae888217,
        type: 3}
      propertyPath: m_Name
      value: DesafioOpcaoCertaHabitat
      objectReference: {fileID: 0}
    - target: {fileID: 1679817679844524045, guid: abbcbdaccd421524cb72de87ae888217,
        type: 3}
      propertyPath: m_IsActive
      value: 0
      objectReference: {fileID: 0}
    - target: {fileID: 3219360123479164704, guid: abbcbdaccd421524cb72de87ae888217,
        type: 3}
      propertyPath: m_textInfo.characterCount
      value: 1
      objectReference: {fileID: 0}
    - target: {fileID: 3219360123479164704, guid: abbcbdaccd421524cb72de87ae888217,
        type: 3}
      propertyPath: m_textInfo.spaceCount
      value: 1
      objectReference: {fileID: 0}
    - target: {fileID: 3219360123479164704, guid: abbcbdaccd421524cb72de87ae888217,
        type: 3}
      propertyPath: m_textInfo.wordCount
      value: 1
      objectReference: {fileID: 0}
    - target: {fileID: 3219360123479164704, guid: abbcbdaccd421524cb72de87ae888217,
        type: 3}
      propertyPath: m_textInfo.lineCount
      value: 1
      objectReference: {fileID: 0}
    - target: {fileID: 3219360123479164704, guid: abbcbdaccd421524cb72de87ae888217,
        type: 3}
      propertyPath: m_textInfo.pageCount
      value: 1
      objectReference: {fileID: 0}
    - target: {fileID: 3403346950369043140, guid: abbcbdaccd421524cb72de87ae888217,
        type: 3}
      propertyPath: m_textInfo.characterCount
      value: 1
      objectReference: {fileID: 0}
    - target: {fileID: 3403346950369043140, guid: abbcbdaccd421524cb72de87ae888217,
        type: 3}
      propertyPath: m_textInfo.spaceCount
      value: 1
      objectReference: {fileID: 0}
    - target: {fileID: 3403346950369043140, guid: abbcbdaccd421524cb72de87ae888217,
        type: 3}
      propertyPath: m_textInfo.wordCount
      value: 1
      objectReference: {fileID: 0}
    - target: {fileID: 3403346950369043140, guid: abbcbdaccd421524cb72de87ae888217,
        type: 3}
      propertyPath: m_textInfo.lineCount
      value: 1
      objectReference: {fileID: 0}
    - target: {fileID: 3403346950369043140, guid: abbcbdaccd421524cb72de87ae888217,
        type: 3}
      propertyPath: m_textInfo.pageCount
      value: 1
      objectReference: {fileID: 0}
    - target: {fileID: 4922153999857740660, guid: abbcbdaccd421524cb72de87ae888217,
        type: 3}
      propertyPath: m_AnchoredPosition.y
      value: 702
      objectReference: {fileID: 0}
    - target: {fileID: 5010133155441310460, guid: abbcbdaccd421524cb72de87ae888217,
        type: 3}
      propertyPath: m_LocalPosition.x
      value: 0
      objectReference: {fileID: 0}
    - target: {fileID: 5010133155441310460, guid: abbcbdaccd421524cb72de87ae888217,
        type: 3}
      propertyPath: m_LocalPosition.y
      value: 0
      objectReference: {fileID: 0}
    - target: {fileID: 5010133155441310460, guid: abbcbdaccd421524cb72de87ae888217,
        type: 3}
      propertyPath: m_LocalPosition.z
      value: -700
      objectReference: {fileID: 0}
    - target: {fileID: 5010133155441310460, guid: abbcbdaccd421524cb72de87ae888217,
        type: 3}
      propertyPath: m_LocalRotation.x
      value: 0.2164396
      objectReference: {fileID: 0}
    - target: {fileID: 5010133155441310460, guid: abbcbdaccd421524cb72de87ae888217,
        type: 3}
      propertyPath: m_LocalRotation.y
      value: 0
      objectReference: {fileID: 0}
    - target: {fileID: 5010133155441310460, guid: abbcbdaccd421524cb72de87ae888217,
        type: 3}
      propertyPath: m_LocalRotation.z
      value: 0
      objectReference: {fileID: 0}
    - target: {fileID: 5010133155441310460, guid: abbcbdaccd421524cb72de87ae888217,
        type: 3}
      propertyPath: m_LocalRotation.w
      value: 0.97629607
      objectReference: {fileID: 0}
    - target: {fileID: 5010133155441310460, guid: abbcbdaccd421524cb72de87ae888217,
        type: 3}
      propertyPath: m_RootOrder
      value: 2
      objectReference: {fileID: 0}
    - target: {fileID: 5010133155441310460, guid: abbcbdaccd421524cb72de87ae888217,
        type: 3}
      propertyPath: m_LocalEulerAnglesHint.x
      value: 25
      objectReference: {fileID: 0}
    - target: {fileID: 5010133155441310460, guid: abbcbdaccd421524cb72de87ae888217,
        type: 3}
      propertyPath: m_LocalEulerAnglesHint.y
      value: 0
      objectReference: {fileID: 0}
    - target: {fileID: 5010133155441310460, guid: abbcbdaccd421524cb72de87ae888217,
        type: 3}
      propertyPath: m_LocalEulerAnglesHint.z
      value: 0
      objectReference: {fileID: 0}
    - target: {fileID: 5010133155441310460, guid: abbcbdaccd421524cb72de87ae888217,
        type: 3}
      propertyPath: m_AnchoredPosition.x
      value: 0
      objectReference: {fileID: 0}
    - target: {fileID: 5010133155441310460, guid: abbcbdaccd421524cb72de87ae888217,
        type: 3}
      propertyPath: m_AnchoredPosition.y
      value: 380
      objectReference: {fileID: 0}
    - target: {fileID: 5010133155441310460, guid: abbcbdaccd421524cb72de87ae888217,
        type: 3}
      propertyPath: m_SizeDelta.x
      value: 0
      objectReference: {fileID: 0}
    - target: {fileID: 5010133155441310460, guid: abbcbdaccd421524cb72de87ae888217,
        type: 3}
      propertyPath: m_SizeDelta.y
      value: 0
      objectReference: {fileID: 0}
    - target: {fileID: 5010133155441310460, guid: abbcbdaccd421524cb72de87ae888217,
        type: 3}
      propertyPath: m_AnchorMin.x
      value: 0
      objectReference: {fileID: 0}
    - target: {fileID: 5010133155441310460, guid: abbcbdaccd421524cb72de87ae888217,
        type: 3}
      propertyPath: m_AnchorMin.y
      value: 0
      objectReference: {fileID: 0}
    - target: {fileID: 5010133155441310460, guid: abbcbdaccd421524cb72de87ae888217,
        type: 3}
      propertyPath: m_AnchorMax.x
      value: 0
      objectReference: {fileID: 0}
    - target: {fileID: 5010133155441310460, guid: abbcbdaccd421524cb72de87ae888217,
        type: 3}
      propertyPath: m_AnchorMax.y
      value: 0
      objectReference: {fileID: 0}
    - target: {fileID: 5010133155441310460, guid: abbcbdaccd421524cb72de87ae888217,
        type: 3}
      propertyPath: m_Pivot.x
      value: 0
      objectReference: {fileID: 0}
    - target: {fileID: 5010133155441310460, guid: abbcbdaccd421524cb72de87ae888217,
        type: 3}
      propertyPath: m_Pivot.y
      value: 0
      objectReference: {fileID: 0}
    - target: {fileID: 6252819700935296237, guid: abbcbdaccd421524cb72de87ae888217,
        type: 3}
      propertyPath: _animalControllerP1
      value: 
      objectReference: {fileID: 0}
    - target: {fileID: 6252819700935296237, guid: abbcbdaccd421524cb72de87ae888217,
        type: 3}
      propertyPath: _animalControllerP2
      value: 
      objectReference: {fileID: 0}
    - target: {fileID: 6252819700935296237, guid: abbcbdaccd421524cb72de87ae888217,
        type: 3}
      propertyPath: _camera
      value: 
      objectReference: {fileID: 0}
    - target: {fileID: 6252819700935296237, guid: abbcbdaccd421524cb72de87ae888217,
        type: 3}
      propertyPath: _tipoDeAnimal
      value: 
      objectReference: {fileID: 11400000, guid: 6bd35720428815f4f89e4f6d10f7d725,
        type: 2}
    - target: {fileID: 7880615610614869372, guid: abbcbdaccd421524cb72de87ae888217,
        type: 3}
      propertyPath: m_textInfo.characterCount
      value: 23
      objectReference: {fileID: 0}
    - target: {fileID: 7880615610614869372, guid: abbcbdaccd421524cb72de87ae888217,
        type: 3}
      propertyPath: m_textInfo.spaceCount
      value: 3
      objectReference: {fileID: 0}
    - target: {fileID: 7880615610614869372, guid: abbcbdaccd421524cb72de87ae888217,
        type: 3}
      propertyPath: m_textInfo.wordCount
      value: 4
      objectReference: {fileID: 0}
    - target: {fileID: 7880615610614869372, guid: abbcbdaccd421524cb72de87ae888217,
        type: 3}
      propertyPath: m_textInfo.lineCount
      value: 1
      objectReference: {fileID: 0}
    - target: {fileID: 7880615610614869372, guid: abbcbdaccd421524cb72de87ae888217,
        type: 3}
      propertyPath: m_textInfo.pageCount
      value: 1
      objectReference: {fileID: 0}
    m_RemovedComponents: []
  m_SourcePrefab: {fileID: 100100000, guid: abbcbdaccd421524cb72de87ae888217, type: 3}
--- !u!224 &1359433990331483026 stripped
RectTransform:
  m_CorrespondingSourceObject: {fileID: 5010133155441310460, guid: abbcbdaccd421524cb72de87ae888217,
    type: 3}
  m_PrefabInstance: {fileID: 6294413306814839150}
  m_PrefabAsset: {fileID: 0}
