%YAML 1.1
%TAG !u! tag:unity3d.com,2011:
--- !u!1 &4428485860623649845
GameObject:
  m_ObjectHideFlags: 0
  m_CorrespondingSourceObject: {fileID: 0}
  m_PrefabInstance: {fileID: 0}
  m_PrefabAsset: {fileID: 0}
  serializedVersion: 6
  m_Component:
  - component: {fileID: 6295751513597026395}
  - component: {fileID: 6626152351828232589}
  - component: {fileID: 6089101473298265251}
  - component: {fileID: 5618467350137993293}
  - component: {fileID: 6072778681035132441}
  - component: {fileID: 7244584045252226965}
  - component: {fileID: 6772955440207842657}
  m_Layer: 0
  m_Name: GatoImage
  m_TagString: Untagged
  m_Icon: {fileID: 0}
  m_NavMeshLayer: 0
  m_StaticEditorFlags: 0
  m_IsActive: 1
--- !u!4 &6295751513597026395
Transform:
  m_ObjectHideFlags: 0
  m_CorrespondingSourceObject: {fileID: 0}
  m_PrefabInstance: {fileID: 0}
  m_PrefabAsset: {fileID: 0}
  m_GameObject: {fileID: 4428485860623649845}
  m_LocalRotation: {x: 0, y: 0, z: 0, w: 1}
  m_LocalPosition: {x: -8165, y: 0, z: 0}
  m_LocalScale: {x: 1, y: 1, z: 1}
  m_Children:
  - {fileID: 2260663023292606021}
  - {fileID: 4345608042887490208}
  - {fileID: 7399903526956992695}
  - {fileID: 5844424995154787334}
  m_Father: {fileID: 0}
  m_RootOrder: 0
  m_LocalEulerAnglesHint: {x: 0, y: 0, z: 0}
--- !u!114 &6626152351828232589
MonoBehaviour:
  m_ObjectHideFlags: 0
  m_CorrespondingSourceObject: {fileID: 0}
  m_PrefabInstance: {fileID: 0}
  m_PrefabAsset: {fileID: 0}
  m_GameObject: {fileID: 4428485860623649845}
  m_Enabled: 1
  m_EditorHideFlags: 0
  m_Script: {fileID: -1631628248, guid: 4bc5fd733b147194692297d23f623541, type: 3}
  m_Name: 
  m_EditorClassIdentifier: 
  mTrackableName: Gato
  mInitializedInEditor: 1
  mDataSetPath: Vuforia/RA1.xml
  mAspectRatio: 1
  mImageTargetType: 0
  mWidth: 1000
  mHeight: 1000
  mRuntimeTexture: {fileID: 0}
--- !u!114 &6089101473298265251
MonoBehaviour:
  m_ObjectHideFlags: 0
  m_CorrespondingSourceObject: {fileID: 0}
  m_PrefabInstance: {fileID: 0}
  m_PrefabAsset: {fileID: 0}
  m_GameObject: {fileID: 4428485860623649845}
  m_Enabled: 1
  m_EditorHideFlags: 0
  m_Script: {fileID: 11500000, guid: 5a917f0af64a6423093132dab321c15f, type: 3}
  m_Name: 
  m_EditorClassIdentifier: 
  StatusFilter: 0
  OnTargetFound:
    m_PersistentCalls:
      m_Calls: []
  OnTargetLost:
    m_PersistentCalls:
      m_Calls: []
--- !u!114 &5618467350137993293
MonoBehaviour:
  m_ObjectHideFlags: 0
  m_CorrespondingSourceObject: {fileID: 0}
  m_PrefabInstance: {fileID: 0}
  m_PrefabAsset: {fileID: 0}
  m_GameObject: {fileID: 4428485860623649845}
  m_Enabled: 1
  m_EditorHideFlags: 0
  m_Script: {fileID: -1770992566, guid: 4bc5fd733b147194692297d23f623541, type: 3}
  m_Name: 
  m_EditorClassIdentifier: 
--- !u!23 &6072778681035132441
MeshRenderer:
  m_ObjectHideFlags: 0
  m_CorrespondingSourceObject: {fileID: 0}
  m_PrefabInstance: {fileID: 0}
  m_PrefabAsset: {fileID: 0}
  m_GameObject: {fileID: 4428485860623649845}
  m_Enabled: 1
  m_CastShadows: 1
  m_ReceiveShadows: 1
  m_DynamicOccludee: 1
  m_MotionVectors: 1
  m_LightProbeUsage: 0
  m_ReflectionProbeUsage: 1
  m_RayTracingMode: 2
  m_RenderingLayerMask: 1
  m_RendererPriority: 0
  m_Materials:
  - {fileID: 0}
  m_StaticBatchInfo:
    firstSubMesh: 0
    subMeshCount: 0
  m_StaticBatchRoot: {fileID: 0}
  m_ProbeAnchor: {fileID: 0}
  m_LightProbeVolumeOverride: {fileID: 0}
  m_ScaleInLightmap: 1
  m_ReceiveGI: 1
  m_PreserveUVs: 0
  m_IgnoreNormalsForChartDetection: 0
  m_ImportantGI: 0
  m_StitchLightmapSeams: 1
  m_SelectedEditorRenderState: 3
  m_MinimumChartSize: 4
  m_AutoUVMaxDistance: 0.5
  m_AutoUVMaxAngle: 89
  m_LightmapParameters: {fileID: 0}
  m_SortingLayerID: 0
  m_SortingLayer: 0
  m_SortingOrder: 0
--- !u!33 &7244584045252226965
MeshFilter:
  m_ObjectHideFlags: 0
  m_CorrespondingSourceObject: {fileID: 0}
  m_PrefabInstance: {fileID: 0}
  m_PrefabAsset: {fileID: 0}
  m_GameObject: {fileID: 4428485860623649845}
  m_Mesh: {fileID: 0}
--- !u!114 &6772955440207842657
MonoBehaviour:
  m_ObjectHideFlags: 0
  m_CorrespondingSourceObject: {fileID: 0}
  m_PrefabInstance: {fileID: 0}
  m_PrefabAsset: {fileID: 0}
  m_GameObject: {fileID: 4428485860623649845}
  m_Enabled: 1
  m_EditorHideFlags: 0
  m_Script: {fileID: 11500000, guid: 7fd7a95dd45c147438e4660b5ca0b660, type: 3}
  m_Name: 
  m_EditorClassIdentifier: 
  _desafios:
  - {fileID: 4416060980474169628}
  - {fileID: 5844424995154787341}
--- !u!1001 &2537264378924954187
PrefabInstance:
  m_ObjectHideFlags: 0
  serializedVersion: 2
  m_Modification:
    m_TransformParent: {fileID: 6295751513597026395}
    m_Modifications:
    - target: {fileID: 1578926113353425165, guid: abbcbdaccd421524cb72de87ae888217,
        type: 3}
      propertyPath: m_textInfo.characterCount
      value: 1
      objectReference: {fileID: 0}
    - target: {fileID: 1578926113353425165, guid: abbcbdaccd421524cb72de87ae888217,
        type: 3}
      propertyPath: m_textInfo.spaceCount
      value: 1
      objectReference: {fileID: 0}
    - target: {fileID: 1578926113353425165, guid: abbcbdaccd421524cb72de87ae888217,
        type: 3}
      propertyPath: m_textInfo.wordCount
      value: 1
      objectReference: {fileID: 0}
    - target: {fileID: 1578926113353425165, guid: abbcbdaccd421524cb72de87ae888217,
        type: 3}
      propertyPath: m_textInfo.lineCount
      value: 1
      objectReference: {fileID: 0}
    - target: {fileID: 1578926113353425165, guid: abbcbdaccd421524cb72de87ae888217,
        type: 3}
      propertyPath: m_textInfo.pageCount
      value: 1
      objectReference: {fileID: 0}
    - target: {fileID: 1679817679844524045, guid: abbcbdaccd421524cb72de87ae888217,
        type: 3}
      propertyPath: m_Name
      value: DesafioOpcaoCertaHabitat
      objectReference: {fileID: 0}
    - target: {fileID: 1679817679844524045, guid: abbcbdaccd421524cb72de87ae888217,
        type: 3}
      propertyPath: m_IsActive
      value: 0
      objectReference: {fileID: 0}
    - target: {fileID: 3219360123479164704, guid: abbcbdaccd421524cb72de87ae888217,
        type: 3}
      propertyPath: m_textInfo.characterCount
      value: 1
      objectReference: {fileID: 0}
    - target: {fileID: 3219360123479164704, guid: abbcbdaccd421524cb72de87ae888217,
        type: 3}
      propertyPath: m_textInfo.spaceCount
      value: 1
      objectReference: {fileID: 0}
    - target: {fileID: 3219360123479164704, guid: abbcbdaccd421524cb72de87ae888217,
        type: 3}
      propertyPath: m_textInfo.wordCount
      value: 1
      objectReference: {fileID: 0}
    - target: {fileID: 3219360123479164704, guid: abbcbdaccd421524cb72de87ae888217,
        type: 3}
      propertyPath: m_textInfo.lineCount
      value: 1
      objectReference: {fileID: 0}
    - target: {fileID: 3219360123479164704, guid: abbcbdaccd421524cb72de87ae888217,
        type: 3}
      propertyPath: m_textInfo.pageCount
      value: 1
      objectReference: {fileID: 0}
    - target: {fileID: 3403346950369043140, guid: abbcbdaccd421524cb72de87ae888217,
        type: 3}
      propertyPath: m_textInfo.characterCount
      value: 1
      objectReference: {fileID: 0}
    - target: {fileID: 3403346950369043140, guid: abbcbdaccd421524cb72de87ae888217,
        type: 3}
      propertyPath: m_textInfo.spaceCount
      value: 1
      objectReference: {fileID: 0}
    - target: {fileID: 3403346950369043140, guid: abbcbdaccd421524cb72de87ae888217,
        type: 3}
      propertyPath: m_textInfo.wordCount
      value: 1
      objectReference: {fileID: 0}
    - target: {fileID: 3403346950369043140, guid: abbcbdaccd421524cb72de87ae888217,
        type: 3}
      propertyPath: m_textInfo.lineCount
      value: 1
      objectReference: {fileID: 0}
    - target: {fileID: 3403346950369043140, guid: abbcbdaccd421524cb72de87ae888217,
        type: 3}
      propertyPath: m_textInfo.pageCount
      value: 1
      objectReference: {fileID: 0}
    - target: {fileID: 4922153999857740660, guid: abbcbdaccd421524cb72de87ae888217,
        type: 3}
      propertyPath: m_AnchoredPosition.y
      value: 702
      objectReference: {fileID: 0}
    - target: {fileID: 5010133155441310460, guid: abbcbdaccd421524cb72de87ae888217,
        type: 3}
      propertyPath: m_LocalPosition.x
      value: 0
      objectReference: {fileID: 0}
    - target: {fileID: 5010133155441310460, guid: abbcbdaccd421524cb72de87ae888217,
        type: 3}
      propertyPath: m_LocalPosition.y
      value: 0
      objectReference: {fileID: 0}
    - target: {fileID: 5010133155441310460, guid: abbcbdaccd421524cb72de87ae888217,
        type: 3}
      propertyPath: m_LocalPosition.z
      value: -700
      objectReference: {fileID: 0}
    - target: {fileID: 5010133155441310460, guid: abbcbdaccd421524cb72de87ae888217,
        type: 3}
      propertyPath: m_LocalRotation.x
      value: 0.2164396
      objectReference: {fileID: 0}
    - target: {fileID: 5010133155441310460, guid: abbcbdaccd421524cb72de87ae888217,
        type: 3}
      propertyPath: m_LocalRotation.y
      value: 0
      objectReference: {fileID: 0}
    - target: {fileID: 5010133155441310460, guid: abbcbdaccd421524cb72de87ae888217,
        type: 3}
      propertyPath: m_LocalRotation.z
      value: 0
      objectReference: {fileID: 0}
    - target: {fileID: 5010133155441310460, guid: abbcbdaccd421524cb72de87ae888217,
        type: 3}
      propertyPath: m_LocalRotation.w
      value: 0.97629607
      objectReference: {fileID: 0}
    - target: {fileID: 5010133155441310460, guid: abbcbdaccd421524cb72de87ae888217,
        type: 3}
      propertyPath: m_RootOrder
      value: 2
      objectReference: {fileID: 0}
    - target: {fileID: 5010133155441310460, guid: abbcbdaccd421524cb72de87ae888217,
        type: 3}
      propertyPath: m_LocalEulerAnglesHint.x
      value: 25
      objectReference: {fileID: 0}
    - target: {fileID: 5010133155441310460, guid: abbcbdaccd421524cb72de87ae888217,
        type: 3}
      propertyPath: m_LocalEulerAnglesHint.y
      value: 0
      objectReference: {fileID: 0}
    - target: {fileID: 5010133155441310460, guid: abbcbdaccd421524cb72de87ae888217,
        type: 3}
      propertyPath: m_LocalEulerAnglesHint.z
      value: 0
      objectReference: {fileID: 0}
    - target: {fileID: 5010133155441310460, guid: abbcbdaccd421524cb72de87ae888217,
        type: 3}
      propertyPath: m_AnchoredPosition.x
      value: 0
      objectReference: {fileID: 0}
    - target: {fileID: 5010133155441310460, guid: abbcbdaccd421524cb72de87ae888217,
        type: 3}
      propertyPath: m_AnchoredPosition.y
      value: 380
      objectReference: {fileID: 0}
    - target: {fileID: 5010133155441310460, guid: abbcbdaccd421524cb72de87ae888217,
        type: 3}
      propertyPath: m_SizeDelta.x
      value: 0
      objectReference: {fileID: 0}
    - target: {fileID: 5010133155441310460, guid: abbcbdaccd421524cb72de87ae888217,
        type: 3}
      propertyPath: m_SizeDelta.y
      value: 0
      objectReference: {fileID: 0}
    - target: {fileID: 5010133155441310460, guid: abbcbdaccd421524cb72de87ae888217,
        type: 3}
      propertyPath: m_AnchorMin.x
      value: 0
      objectReference: {fileID: 0}
    - target: {fileID: 5010133155441310460, guid: abbcbdaccd421524cb72de87ae888217,
        type: 3}
      propertyPath: m_AnchorMin.y
      value: 0
      objectReference: {fileID: 0}
    - target: {fileID: 5010133155441310460, guid: abbcbdaccd421524cb72de87ae888217,
        type: 3}
      propertyPath: m_AnchorMax.x
      value: 0
      objectReference: {fileID: 0}
    - target: {fileID: 5010133155441310460, guid: abbcbdaccd421524cb72de87ae888217,
        type: 3}
      propertyPath: m_AnchorMax.y
      value: 0
      objectReference: {fileID: 0}
    - target: {fileID: 5010133155441310460, guid: abbcbdaccd421524cb72de87ae888217,
        type: 3}
      propertyPath: m_Pivot.x
      value: 0
      objectReference: {fileID: 0}
    - target: {fileID: 5010133155441310460, guid: abbcbdaccd421524cb72de87ae888217,
        type: 3}
      propertyPath: m_Pivot.y
      value: 0
      objectReference: {fileID: 0}
    - target: {fileID: 6252819700935296237, guid: abbcbdaccd421524cb72de87ae888217,
        type: 3}
      propertyPath: _animalControllerP1
      value: 
      objectReference: {fileID: 0}
    - target: {fileID: 6252819700935296237, guid: abbcbdaccd421524cb72de87ae888217,
        type: 3}
      propertyPath: _animalControllerP2
      value: 
      objectReference: {fileID: 0}
    - target: {fileID: 6252819700935296237, guid: abbcbdaccd421524cb72de87ae888217,
        type: 3}
      propertyPath: _camera
      value: 
      objectReference: {fileID: 0}
    - target: {fileID: 6252819700935296237, guid: abbcbdaccd421524cb72de87ae888217,
        type: 3}
      propertyPath: _tipoDeAnimal
      value: 
      objectReference: {fileID: 11400000, guid: dc2cb610e3a2e7c46a4bdd8923e9ba88,
        type: 2}
    - target: {fileID: 7880615610614869372, guid: abbcbdaccd421524cb72de87ae888217,
        type: 3}
      propertyPath: m_textInfo.characterCount
      value: 23
      objectReference: {fileID: 0}
    - target: {fileID: 7880615610614869372, guid: abbcbdaccd421524cb72de87ae888217,
        type: 3}
      propertyPath: m_textInfo.spaceCount
      value: 3
      objectReference: {fileID: 0}
    - target: {fileID: 7880615610614869372, guid: abbcbdaccd421524cb72de87ae888217,
        type: 3}
      propertyPath: m_textInfo.wordCount
      value: 4
      objectReference: {fileID: 0}
    - target: {fileID: 7880615610614869372, guid: abbcbdaccd421524cb72de87ae888217,
        type: 3}
      propertyPath: m_textInfo.lineCount
      value: 1
      objectReference: {fileID: 0}
    - target: {fileID: 7880615610614869372, guid: abbcbdaccd421524cb72de87ae888217,
        type: 3}
      propertyPath: m_textInfo.pageCount
      value: 1
      objectReference: {fileID: 0}
    m_RemovedComponents: []
  m_SourcePrefab: {fileID: 100100000, guid: abbcbdaccd421524cb72de87ae888217, type: 3}
--- !u!224 &7399903526956992695 stripped
RectTransform:
  m_CorrespondingSourceObject: {fileID: 5010133155441310460, guid: abbcbdaccd421524cb72de87ae888217,
    type: 3}
  m_PrefabInstance: {fileID: 2537264378924954187}
  m_PrefabAsset: {fileID: 0}
--- !u!1001 &3758297512326084975
PrefabInstance:
  m_ObjectHideFlags: 0
  serializedVersion: 2
  m_Modification:
    m_TransformParent: {fileID: 6295751513597026395}
    m_Modifications:
    - target: {fileID: 605334827025929167, guid: 48ccb65fdd50f4547b2bd501d272d923,
        type: 3}
      propertyPath: m_LocalPosition.x
      value: 0
      objectReference: {fileID: 0}
    - target: {fileID: 605334827025929167, guid: 48ccb65fdd50f4547b2bd501d272d923,
        type: 3}
      propertyPath: m_LocalPosition.y
      value: 0
      objectReference: {fileID: 0}
    - target: {fileID: 605334827025929167, guid: 48ccb65fdd50f4547b2bd501d272d923,
        type: 3}
      propertyPath: m_LocalPosition.z
      value: -700
      objectReference: {fileID: 0}
    - target: {fileID: 605334827025929167, guid: 48ccb65fdd50f4547b2bd501d272d923,
        type: 3}
      propertyPath: m_LocalRotation.x
      value: 0.2164396
      objectReference: {fileID: 0}
    - target: {fileID: 605334827025929167, guid: 48ccb65fdd50f4547b2bd501d272d923,
        type: 3}
      propertyPath: m_LocalRotation.y
      value: 0
      objectReference: {fileID: 0}
    - target: {fileID: 605334827025929167, guid: 48ccb65fdd50f4547b2bd501d272d923,
        type: 3}
      propertyPath: m_LocalRotation.z
      value: 0
      objectReference: {fileID: 0}
    - target: {fileID: 605334827025929167, guid: 48ccb65fdd50f4547b2bd501d272d923,
        type: 3}
      propertyPath: m_LocalRotation.w
      value: 0.97629607
      objectReference: {fileID: 0}
    - target: {fileID: 605334827025929167, guid: 48ccb65fdd50f4547b2bd501d272d923,
        type: 3}
      propertyPath: m_RootOrder
      value: 1
      objectReference: {fileID: 0}
    - target: {fileID: 605334827025929167, guid: 48ccb65fdd50f4547b2bd501d272d923,
        type: 3}
      propertyPath: m_LocalEulerAnglesHint.x
      value: 25
      objectReference: {fileID: 0}
    - target: {fileID: 605334827025929167, guid: 48ccb65fdd50f4547b2bd501d272d923,
        type: 3}
      propertyPath: m_LocalEulerAnglesHint.y
      value: 0
      objectReference: {fileID: 0}
    - target: {fileID: 605334827025929167, guid: 48ccb65fdd50f4547b2bd501d272d923,
        type: 3}
      propertyPath: m_LocalEulerAnglesHint.z
      value: 0
      objectReference: {fileID: 0}
    - target: {fileID: 605334827025929167, guid: 48ccb65fdd50f4547b2bd501d272d923,
        type: 3}
      propertyPath: m_AnchoredPosition.x
      value: 0
      objectReference: {fileID: 0}
    - target: {fileID: 605334827025929167, guid: 48ccb65fdd50f4547b2bd501d272d923,
        type: 3}
      propertyPath: m_AnchoredPosition.y
      value: 380
      objectReference: {fileID: 0}
    - target: {fileID: 605334827025929167, guid: 48ccb65fdd50f4547b2bd501d272d923,
        type: 3}
      propertyPath: m_SizeDelta.x
      value: 0
      objectReference: {fileID: 0}
    - target: {fileID: 605334827025929167, guid: 48ccb65fdd50f4547b2bd501d272d923,
        type: 3}
      propertyPath: m_SizeDelta.y
      value: 0
      objectReference: {fileID: 0}
    - target: {fileID: 605334827025929167, guid: 48ccb65fdd50f4547b2bd501d272d923,
        type: 3}
      propertyPath: m_AnchorMin.x
      value: 0
      objectReference: {fileID: 0}
    - target: {fileID: 605334827025929167, guid: 48ccb65fdd50f4547b2bd501d272d923,
        type: 3}
      propertyPath: m_AnchorMin.y
      value: 0
      objectReference: {fileID: 0}
    - target: {fileID: 605334827025929167, guid: 48ccb65fdd50f4547b2bd501d272d923,
        type: 3}
      propertyPath: m_AnchorMax.x
      value: 0
      objectReference: {fileID: 0}
    - target: {fileID: 605334827025929167, guid: 48ccb65fdd50f4547b2bd501d272d923,
        type: 3}
      propertyPath: m_AnchorMax.y
      value: 0
      objectReference: {fileID: 0}
    - target: {fileID: 605334827025929167, guid: 48ccb65fdd50f4547b2bd501d272d923,
        type: 3}
      propertyPath: m_Pivot.x
      value: 0
      objectReference: {fileID: 0}
    - target: {fileID: 605334827025929167, guid: 48ccb65fdd50f4547b2bd501d272d923,
        type: 3}
      propertyPath: m_Pivot.y
      value: 0
      objectReference: {fileID: 0}
    - target: {fileID: 675865110338498675, guid: 48ccb65fdd50f4547b2bd501d272d923,
        type: 3}
      propertyPath: m_Name
      value: DesafioOpcaoCertaComida
      objectReference: {fileID: 0}
    - target: {fileID: 1270484035787604311, guid: 48ccb65fdd50f4547b2bd501d272d923,
        type: 3}
      propertyPath: m_textInfo.characterCount
      value: 0
      objectReference: {fileID: 0}
    - target: {fileID: 1270484035787604311, guid: 48ccb65fdd50f4547b2bd501d272d923,
        type: 3}
      propertyPath: m_textInfo.wordCount
      value: 0
      objectReference: {fileID: 0}
    - target: {fileID: 1270484035787604311, guid: 48ccb65fdd50f4547b2bd501d272d923,
        type: 3}
      propertyPath: m_textInfo.lineCount
      value: 0
      objectReference: {fileID: 0}
    - target: {fileID: 1270484035787604311, guid: 48ccb65fdd50f4547b2bd501d272d923,
        type: 3}
      propertyPath: m_textInfo.pageCount
      value: 0
      objectReference: {fileID: 0}
    - target: {fileID: 3683319567343052599, guid: 48ccb65fdd50f4547b2bd501d272d923,
        type: 3}
      propertyPath: m_textInfo.characterCount
      value: 1
      objectReference: {fileID: 0}
    - target: {fileID: 3683319567343052599, guid: 48ccb65fdd50f4547b2bd501d272d923,
        type: 3}
      propertyPath: m_textInfo.spaceCount
      value: 1
      objectReference: {fileID: 0}
    - target: {fileID: 3683319567343052599, guid: 48ccb65fdd50f4547b2bd501d272d923,
        type: 3}
      propertyPath: m_textInfo.wordCount
      value: 1
      objectReference: {fileID: 0}
    - target: {fileID: 3683319567343052599, guid: 48ccb65fdd50f4547b2bd501d272d923,
        type: 3}
      propertyPath: m_textInfo.lineCount
      value: 1
      objectReference: {fileID: 0}
    - target: {fileID: 3683319567343052599, guid: 48ccb65fdd50f4547b2bd501d272d923,
        type: 3}
      propertyPath: m_textInfo.pageCount
      value: 1
      objectReference: {fileID: 0}
    - target: {fileID: 4558511356101872841, guid: 48ccb65fdd50f4547b2bd501d272d923,
        type: 3}
      propertyPath: _animalControllerP1
      value: 
      objectReference: {fileID: 0}
    - target: {fileID: 4558511356101872841, guid: 48ccb65fdd50f4547b2bd501d272d923,
        type: 3}
      propertyPath: _animalControllerP2
      value: 
      objectReference: {fileID: 0}
    - target: {fileID: 4558511356101872841, guid: 48ccb65fdd50f4547b2bd501d272d923,
        type: 3}
      propertyPath: _camera
      value: 
      objectReference: {fileID: 0}
    - target: {fileID: 4558511356101872841, guid: 48ccb65fdd50f4547b2bd501d272d923,
        type: 3}
      propertyPath: _tipoDeAnimal
      value: 
      objectReference: {fileID: 11400000, guid: 9786d2dde1c5f3d4d951518503e388c9,
        type: 2}
    - target: {fileID: 5084958568711782084, guid: 48ccb65fdd50f4547b2bd501d272d923,
        type: 3}
      propertyPath: m_textInfo.characterCount
      value: 1
      objectReference: {fileID: 0}
    - target: {fileID: 5084958568711782084, guid: 48ccb65fdd50f4547b2bd501d272d923,
        type: 3}
      propertyPath: m_textInfo.spaceCount
      value: 1
      objectReference: {fileID: 0}
    - target: {fileID: 5084958568711782084, guid: 48ccb65fdd50f4547b2bd501d272d923,
        type: 3}
      propertyPath: m_textInfo.wordCount
      value: 1
      objectReference: {fileID: 0}
    - target: {fileID: 5084958568711782084, guid: 48ccb65fdd50f4547b2bd501d272d923,
        type: 3}
      propertyPath: m_textInfo.lineCount
      value: 1
      objectReference: {fileID: 0}
    - target: {fileID: 5084958568711782084, guid: 48ccb65fdd50f4547b2bd501d272d923,
        type: 3}
      propertyPath: m_textInfo.pageCount
      value: 1
      objectReference: {fileID: 0}
    - target: {fileID: 5343177671356547589, guid: 48ccb65fdd50f4547b2bd501d272d923,
        type: 3}
      propertyPath: m_textInfo.characterCount
      value: 36
      objectReference: {fileID: 0}
    - target: {fileID: 5343177671356547589, guid: 48ccb65fdd50f4547b2bd501d272d923,
        type: 3}
      propertyPath: m_textInfo.spaceCount
      value: 6
      objectReference: {fileID: 0}
    - target: {fileID: 5343177671356547589, guid: 48ccb65fdd50f4547b2bd501d272d923,
        type: 3}
      propertyPath: m_textInfo.wordCount
      value: 7
      objectReference: {fileID: 0}
    - target: {fileID: 5343177671356547589, guid: 48ccb65fdd50f4547b2bd501d272d923,
        type: 3}
      propertyPath: m_textInfo.lineCount
      value: 1
      objectReference: {fileID: 0}
    - target: {fileID: 5343177671356547589, guid: 48ccb65fdd50f4547b2bd501d272d923,
        type: 3}
      propertyPath: m_textInfo.pageCount
      value: 1
      objectReference: {fileID: 0}
    - target: {fileID: 5394872331710167692, guid: 48ccb65fdd50f4547b2bd501d272d923,
        type: 3}
      propertyPath: m_AnchoredPosition.y
      value: 702
      objectReference: {fileID: 0}
    - target: {fileID: 6111085564617973797, guid: 48ccb65fdd50f4547b2bd501d272d923,
        type: 3}
      propertyPath: m_textInfo.characterCount
      value: 1
      objectReference: {fileID: 0}
    - target: {fileID: 6111085564617973797, guid: 48ccb65fdd50f4547b2bd501d272d923,
        type: 3}
      propertyPath: m_textInfo.spaceCount
      value: 1
      objectReference: {fileID: 0}
    - target: {fileID: 6111085564617973797, guid: 48ccb65fdd50f4547b2bd501d272d923,
        type: 3}
      propertyPath: m_textInfo.wordCount
      value: 1
      objectReference: {fileID: 0}
    - target: {fileID: 6111085564617973797, guid: 48ccb65fdd50f4547b2bd501d272d923,
        type: 3}
      propertyPath: m_textInfo.lineCount
      value: 1
      objectReference: {fileID: 0}
    - target: {fileID: 6111085564617973797, guid: 48ccb65fdd50f4547b2bd501d272d923,
        type: 3}
      propertyPath: m_textInfo.pageCount
      value: 1
      objectReference: {fileID: 0}
    - target: {fileID: 7346990611907334336, guid: 48ccb65fdd50f4547b2bd501d272d923,
        type: 3}
      propertyPath: m_textInfo.characterCount
      value: 0
      objectReference: {fileID: 0}
    - target: {fileID: 7346990611907334336, guid: 48ccb65fdd50f4547b2bd501d272d923,
        type: 3}
      propertyPath: m_textInfo.wordCount
      value: 0
      objectReference: {fileID: 0}
    - target: {fileID: 7346990611907334336, guid: 48ccb65fdd50f4547b2bd501d272d923,
        type: 3}
      propertyPath: m_textInfo.lineCount
      value: 0
      objectReference: {fileID: 0}
    - target: {fileID: 7346990611907334336, guid: 48ccb65fdd50f4547b2bd501d272d923,
        type: 3}
      propertyPath: m_textInfo.pageCount
      value: 0
      objectReference: {fileID: 0}
    m_RemovedComponents: []
  m_SourcePrefab: {fileID: 100100000, guid: 48ccb65fdd50f4547b2bd501d272d923, type: 3}
--- !u!1 &4416060980474169628 stripped
GameObject:
  m_CorrespondingSourceObject: {fileID: 675865110338498675, guid: 48ccb65fdd50f4547b2bd501d272d923,
    type: 3}
  m_PrefabInstance: {fileID: 3758297512326084975}
  m_PrefabAsset: {fileID: 0}
--- !u!224 &4345608042887490208 stripped
RectTransform:
  m_CorrespondingSourceObject: {fileID: 605334827025929167, guid: 48ccb65fdd50f4547b2bd501d272d923,
    type: 3}
  m_PrefabInstance: {fileID: 3758297512326084975}
  m_PrefabAsset: {fileID: 0}
--- !u!1001 &4039994348339666108
PrefabInstance:
  m_ObjectHideFlags: 0
  serializedVersion: 2
  m_Modification:
    m_TransformParent: {fileID: 6295751513597026395}
    m_Modifications:
    - target: {fileID: 2832637166510177017, guid: 3429d7172bfd8ef42882062609547330,
        type: 3}
      propertyPath: m_LocalPosition.x
      value: 12.549999
      objectReference: {fileID: 0}
    - target: {fileID: 2832637166510177017, guid: 3429d7172bfd8ef42882062609547330,
        type: 3}
      propertyPath: m_LocalPosition.y
      value: 0
      objectReference: {fileID: 0}
    - target: {fileID: 2832637166510177017, guid: 3429d7172bfd8ef42882062609547330,
        type: 3}
      propertyPath: m_LocalPosition.z
      value: 0.725866
      objectReference: {fileID: 0}
    - target: {fileID: 2832637166510177017, guid: 3429d7172bfd8ef42882062609547330,
        type: 3}
      propertyPath: m_LocalRotation.x
      value: 0.000000014901161
      objectReference: {fileID: 0}
    - target: {fileID: 2832637166510177017, guid: 3429d7172bfd8ef42882062609547330,
        type: 3}
      propertyPath: m_LocalRotation.y
      value: 0.96592915
      objectReference: {fileID: 0}
    - target: {fileID: 2832637166510177017, guid: 3429d7172bfd8ef42882062609547330,
        type: 3}
      propertyPath: m_LocalRotation.z
      value: -0.000000029802322
      objectReference: {fileID: 0}
    - target: {fileID: 2832637166510177017, guid: 3429d7172bfd8ef42882062609547330,
        type: 3}
      propertyPath: m_LocalRotation.w
      value: -0.25880694
      objectReference: {fileID: 0}
    - target: {fileID: 2832637166510177017, guid: 3429d7172bfd8ef42882062609547330,
        type: 3}
      propertyPath: m_RootOrder
      value: 0
      objectReference: {fileID: 0}
    - target: {fileID: 2832637166510177017, guid: 3429d7172bfd8ef42882062609547330,
        type: 3}
      propertyPath: m_LocalEulerAnglesHint.x
      value: 0
      objectReference: {fileID: 0}
    - target: {fileID: 2832637166510177017, guid: 3429d7172bfd8ef42882062609547330,
        type: 3}
      propertyPath: m_LocalEulerAnglesHint.y
      value: 0
      objectReference: {fileID: 0}
    - target: {fileID: 2832637166510177017, guid: 3429d7172bfd8ef42882062609547330,
        type: 3}
      propertyPath: m_LocalEulerAnglesHint.z
      value: 0
      objectReference: {fileID: 0}
    - target: {fileID: 2832637166510177020, guid: 3429d7172bfd8ef42882062609547330,
        type: 3}
      propertyPath: m_Name
      value: Gato
      objectReference: {fileID: 0}
    m_RemovedComponents: []
  m_SourcePrefab: {fileID: 100100000, guid: 3429d7172bfd8ef42882062609547330, type: 3}
--- !u!4 &2260663023292606021 stripped
Transform:
  m_CorrespondingSourceObject: {fileID: 2832637166510177017, guid: 3429d7172bfd8ef42882062609547330,
    type: 3}
  m_PrefabInstance: {fileID: 4039994348339666108}
  m_PrefabAsset: {fileID: 0}
--- !u!1001 &9209931672527023820
PrefabInstance:
  m_ObjectHideFlags: 0
  serializedVersion: 2
  m_Modification:
    m_TransformParent: {fileID: 6295751513597026395}
    m_Modifications:
    - target: {fileID: 3372019223509544929, guid: 5fcad817d1ceebf4581f7bcd681ec064,
        type: 3}
      propertyPath: m_textInfo.characterCount
      value: 1
      objectReference: {fileID: 0}
    - target: {fileID: 3372019223509544929, guid: 5fcad817d1ceebf4581f7bcd681ec064,
        type: 3}
      propertyPath: m_textInfo.spaceCount
      value: 1
      objectReference: {fileID: 0}
    - target: {fileID: 3372019223509544929, guid: 5fcad817d1ceebf4581f7bcd681ec064,
        type: 3}
      propertyPath: m_textInfo.wordCount
      value: 1
      objectReference: {fileID: 0}
    - target: {fileID: 3372019223509544929, guid: 5fcad817d1ceebf4581f7bcd681ec064,
        type: 3}
      propertyPath: m_textInfo.lineCount
      value: 1
      objectReference: {fileID: 0}
    - target: {fileID: 3372019223509544929, guid: 5fcad817d1ceebf4581f7bcd681ec064,
        type: 3}
      propertyPath: m_textInfo.pageCount
      value: 1
      objectReference: {fileID: 0}
    - target: {fileID: 3372019223525774014, guid: 5fcad817d1ceebf4581f7bcd681ec064,
        type: 3}
      propertyPath: _animalControllerP1
      value: 
      objectReference: {fileID: 0}
    - target: {fileID: 3372019223525774014, guid: 5fcad817d1ceebf4581f7bcd681ec064,
        type: 3}
      propertyPath: _animalControllerP2
      value: 
      objectReference: {fileID: 0}
    - target: {fileID: 3372019223525774014, guid: 5fcad817d1ceebf4581f7bcd681ec064,
        type: 3}
      propertyPath: _tipoDeSom
      value: 
      objectReference: {fileID: 11400000, guid: e4e92746121b0e341924a6ab26a67ad7,
        type: 2}
    - target: {fileID: 3372019223525774017, guid: 5fcad817d1ceebf4581f7bcd681ec064,
        type: 3}
      propertyPath: m_Name
      value: DesafioOpcaoCertaSom
      objectReference: {fileID: 0}
    - target: {fileID: 3372019223525774017, guid: 5fcad817d1ceebf4581f7bcd681ec064,
        type: 3}
      propertyPath: m_IsActive
      value: 1
      objectReference: {fileID: 0}
    - target: {fileID: 3372019223525774026, guid: 5fcad817d1ceebf4581f7bcd681ec064,
        type: 3}
      propertyPath: m_LocalPosition.x
      value: 0
      objectReference: {fileID: 0}
    - target: {fileID: 3372019223525774026, guid: 5fcad817d1ceebf4581f7bcd681ec064,
        type: 3}
      propertyPath: m_LocalPosition.y
      value: 0
      objectReference: {fileID: 0}
    - target: {fileID: 3372019223525774026, guid: 5fcad817d1ceebf4581f7bcd681ec064,
        type: 3}
      propertyPath: m_LocalPosition.z
      value: -700
      objectReference: {fileID: 0}
    - target: {fileID: 3372019223525774026, guid: 5fcad817d1ceebf4581f7bcd681ec064,
        type: 3}
      propertyPath: m_LocalRotation.x
      value: 0.2164396
      objectReference: {fileID: 0}
    - target: {fileID: 3372019223525774026, guid: 5fcad817d1ceebf4581f7bcd681ec064,
        type: 3}
      propertyPath: m_LocalRotation.y
      value: 0
      objectReference: {fileID: 0}
    - target: {fileID: 3372019223525774026, guid: 5fcad817d1ceebf4581f7bcd681ec064,
        type: 3}
      propertyPath: m_LocalRotation.z
      value: 0
      objectReference: {fileID: 0}
    - target: {fileID: 3372019223525774026, guid: 5fcad817d1ceebf4581f7bcd681ec064,
        type: 3}
      propertyPath: m_LocalRotation.w
      value: 0.97629607
      objectReference: {fileID: 0}
    - target: {fileID: 3372019223525774026, guid: 5fcad817d1ceebf4581f7bcd681ec064,
        type: 3}
      propertyPath: m_RootOrder
      value: 3
      objectReference: {fileID: 0}
    - target: {fileID: 3372019223525774026, guid: 5fcad817d1ceebf4581f7bcd681ec064,
        type: 3}
      propertyPath: m_LocalEulerAnglesHint.x
      value: 25
      objectReference: {fileID: 0}
    - target: {fileID: 3372019223525774026, guid: 5fcad817d1ceebf4581f7bcd681ec064,
        type: 3}
      propertyPath: m_LocalEulerAnglesHint.y
      value: 0
      objectReference: {fileID: 0}
    - target: {fileID: 3372019223525774026, guid: 5fcad817d1ceebf4581f7bcd681ec064,
        type: 3}
      propertyPath: m_LocalEulerAnglesHint.z
      value: 0
      objectReference: {fileID: 0}
    - target: {fileID: 3372019223525774026, guid: 5fcad817d1ceebf4581f7bcd681ec064,
        type: 3}
      propertyPath: m_AnchoredPosition.x
      value: 0
      objectReference: {fileID: 0}
    - target: {fileID: 3372019223525774026, guid: 5fcad817d1ceebf4581f7bcd681ec064,
        type: 3}
      propertyPath: m_AnchoredPosition.y
      value: 380
      objectReference: {fileID: 0}
    - target: {fileID: 3372019223525774026, guid: 5fcad817d1ceebf4581f7bcd681ec064,
        type: 3}
      propertyPath: m_SizeDelta.x
      value: 0
      objectReference: {fileID: 0}
    - target: {fileID: 3372019223525774026, guid: 5fcad817d1ceebf4581f7bcd681ec064,
        type: 3}
      propertyPath: m_SizeDelta.y
      value: 0
      objectReference: {fileID: 0}
    - target: {fileID: 3372019223525774026, guid: 5fcad817d1ceebf4581f7bcd681ec064,
        type: 3}
      propertyPath: m_AnchorMin.x
      value: 0
      objectReference: {fileID: 0}
    - target: {fileID: 3372019223525774026, guid: 5fcad817d1ceebf4581f7bcd681ec064,
        type: 3}
      propertyPath: m_AnchorMin.y
      value: 0
      objectReference: {fileID: 0}
    - target: {fileID: 3372019223525774026, guid: 5fcad817d1ceebf4581f7bcd681ec064,
        type: 3}
      propertyPath: m_AnchorMax.x
      value: 0
      objectReference: {fileID: 0}
    - target: {fileID: 3372019223525774026, guid: 5fcad817d1ceebf4581f7bcd681ec064,
        type: 3}
      propertyPath: m_AnchorMax.y
      value: 0
      objectReference: {fileID: 0}
    - target: {fileID: 3372019223525774026, guid: 5fcad817d1ceebf4581f7bcd681ec064,
        type: 3}
      propertyPath: m_Pivot.x
      value: 0
      objectReference: {fileID: 0}
    - target: {fileID: 3372019223525774026, guid: 5fcad817d1ceebf4581f7bcd681ec064,
        type: 3}
      propertyPath: m_Pivot.y
      value: 0
      objectReference: {fileID: 0}
    - target: {fileID: 3372019224092212792, guid: 5fcad817d1ceebf4581f7bcd681ec064,
        type: 3}
      propertyPath: m_textInfo.characterCount
      value: 1
      objectReference: {fileID: 0}
    - target: {fileID: 3372019224092212792, guid: 5fcad817d1ceebf4581f7bcd681ec064,
        type: 3}
      propertyPath: m_textInfo.spaceCount
      value: 1
      objectReference: {fileID: 0}
    - target: {fileID: 3372019224092212792, guid: 5fcad817d1ceebf4581f7bcd681ec064,
        type: 3}
      propertyPath: m_textInfo.wordCount
      value: 1
      objectReference: {fileID: 0}
    - target: {fileID: 3372019224092212792, guid: 5fcad817d1ceebf4581f7bcd681ec064,
        type: 3}
      propertyPath: m_textInfo.lineCount
      value: 1
      objectReference: {fileID: 0}
    - target: {fileID: 3372019224092212792, guid: 5fcad817d1ceebf4581f7bcd681ec064,
        type: 3}
      propertyPath: m_textInfo.pageCount
      value: 1
      objectReference: {fileID: 0}
    - target: {fileID: 3372019224538266425, guid: 5fcad817d1ceebf4581f7bcd681ec064,
        type: 3}
      propertyPath: m_textInfo.characterCount
      value: 1
      objectReference: {fileID: 0}
    - target: {fileID: 3372019224538266425, guid: 5fcad817d1ceebf4581f7bcd681ec064,
        type: 3}
      propertyPath: m_textInfo.spaceCount
      value: 1
      objectReference: {fileID: 0}
    - target: {fileID: 3372019224538266425, guid: 5fcad817d1ceebf4581f7bcd681ec064,
        type: 3}
      propertyPath: m_textInfo.wordCount
      value: 1
      objectReference: {fileID: 0}
    - target: {fileID: 3372019224538266425, guid: 5fcad817d1ceebf4581f7bcd681ec064,
        type: 3}
      propertyPath: m_textInfo.lineCount
      value: 1
      objectReference: {fileID: 0}
    - target: {fileID: 3372019224538266425, guid: 5fcad817d1ceebf4581f7bcd681ec064,
        type: 3}
      propertyPath: m_textInfo.pageCount
      value: 1
      objectReference: {fileID: 0}
    - target: {fileID: 3372019224637359992, guid: 5fcad817d1ceebf4581f7bcd681ec064,
        type: 3}
      propertyPath: m_textInfo.characterCount
      value: 24
      objectReference: {fileID: 0}
    - target: {fileID: 3372019224637359992, guid: 5fcad817d1ceebf4581f7bcd681ec064,
        type: 3}
      propertyPath: m_textInfo.spaceCount
      value: 4
      objectReference: {fileID: 0}
    - target: {fileID: 3372019224637359992, guid: 5fcad817d1ceebf4581f7bcd681ec064,
        type: 3}
      propertyPath: m_textInfo.wordCount
      value: 5
      objectReference: {fileID: 0}
    - target: {fileID: 3372019224637359992, guid: 5fcad817d1ceebf4581f7bcd681ec064,
        type: 3}
      propertyPath: m_textInfo.lineCount
      value: 1
      objectReference: {fileID: 0}
    - target: {fileID: 3372019224637359992, guid: 5fcad817d1ceebf4581f7bcd681ec064,
        type: 3}
      propertyPath: m_textInfo.pageCount
      value: 1
      objectReference: {fileID: 0}
    - target: {fileID: 5066355559197668535, guid: 5fcad817d1ceebf4581f7bcd681ec064,
        type: 3}
      propertyPath: m_textInfo.characterCount
      value: 1
      objectReference: {fileID: 0}
    - target: {fileID: 5066355559197668535, guid: 5fcad817d1ceebf4581f7bcd681ec064,
        type: 3}
      propertyPath: m_textInfo.spaceCount
      value: 1
      objectReference: {fileID: 0}
    - target: {fileID: 5066355559197668535, guid: 5fcad817d1ceebf4581f7bcd681ec064,
        type: 3}
      propertyPath: m_textInfo.wordCount
      value: 1
      objectReference: {fileID: 0}
    - target: {fileID: 5066355559197668535, guid: 5fcad817d1ceebf4581f7bcd681ec064,
        type: 3}
      propertyPath: m_textInfo.lineCount
      value: 1
      objectReference: {fileID: 0}
    - target: {fileID: 5066355559197668535, guid: 5fcad817d1ceebf4581f7bcd681ec064,
        type: 3}
      propertyPath: m_textInfo.pageCount
      value: 1
      objectReference: {fileID: 0}
    - target: {fileID: 5066355559672316714, guid: 5fcad817d1ceebf4581f7bcd681ec064,
        type: 3}
      propertyPath: m_textInfo.characterCount
      value: 1
      objectReference: {fileID: 0}
    - target: {fileID: 5066355559672316714, guid: 5fcad817d1ceebf4581f7bcd681ec064,
        type: 3}
      propertyPath: m_textInfo.spaceCount
      value: 1
      objectReference: {fileID: 0}
    - target: {fileID: 5066355559672316714, guid: 5fcad817d1ceebf4581f7bcd681ec064,
        type: 3}
      propertyPath: m_textInfo.wordCount
      value: 1
      objectReference: {fileID: 0}
    - target: {fileID: 5066355559672316714, guid: 5fcad817d1ceebf4581f7bcd681ec064,
        type: 3}
      propertyPath: m_textInfo.lineCount
      value: 1
      objectReference: {fileID: 0}
    - target: {fileID: 5066355559672316714, guid: 5fcad817d1ceebf4581f7bcd681ec064,
        type: 3}
      propertyPath: m_textInfo.pageCount
      value: 1
      objectReference: {fileID: 0}
    - target: {fileID: 5066355559859668677, guid: 5fcad817d1ceebf4581f7bcd681ec064,
        type: 3}
      propertyPath: m_textInfo.characterCount
      value: 1
      objectReference: {fileID: 0}
    - target: {fileID: 5066355559859668677, guid: 5fcad817d1ceebf4581f7bcd681ec064,
        type: 3}
      propertyPath: m_textInfo.spaceCount
      value: 1
      objectReference: {fileID: 0}
    - target: {fileID: 5066355559859668677, guid: 5fcad817d1ceebf4581f7bcd681ec064,
        type: 3}
      propertyPath: m_textInfo.wordCount
      value: 1
      objectReference: {fileID: 0}
    - target: {fileID: 5066355559859668677, guid: 5fcad817d1ceebf4581f7bcd681ec064,
        type: 3}
      propertyPath: m_textInfo.lineCount
      value: 1
      objectReference: {fileID: 0}
    - target: {fileID: 5066355559859668677, guid: 5fcad817d1ceebf4581f7bcd681ec064,
        type: 3}
      propertyPath: m_textInfo.pageCount
      value: 1
      objectReference: {fileID: 0}
    m_RemovedComponents: []
  m_SourcePrefab: {fileID: 100100000, guid: 5fcad817d1ceebf4581f7bcd681ec064, type: 3}
--- !u!1 &5844424995154787341 stripped
GameObject:
  m_CorrespondingSourceObject: {fileID: 3372019223525774017, guid: 5fcad817d1ceebf4581f7bcd681ec064,
    type: 3}
  m_PrefabInstance: {fileID: 9209931672527023820}
  m_PrefabAsset: {fileID: 0}
--- !u!224 &5844424995154787334 stripped
RectTransform:
  m_CorrespondingSourceObject: {fileID: 3372019223525774026, guid: 5fcad817d1ceebf4581f7bcd681ec064,
    type: 3}
  m_PrefabInstance: {fileID: 9209931672527023820}
  m_PrefabAsset: {fileID: 0}
