%YAML 1.1
%TAG !u! tag:unity3d.com,2011:
--- !u!1 &7984091824179064598
GameObject:
  m_ObjectHideFlags: 0
  m_CorrespondingSourceObject: {fileID: 0}
  m_PrefabInstance: {fileID: 0}
  m_PrefabAsset: {fileID: 0}
  serializedVersion: 6
  m_Component:
  - component: {fileID: 353275276690391928}
  - component: {fileID: 598071851910720174}
  - component: {fileID: 520377809971648384}
  - component: {fileID: 2179983091177741166}
  - component: {fileID: 576123555221155130}
  - component: {fileID: 3977236565454982326}
  - component: {fileID: 1028591262295944770}
  m_Layer: 0
  m_Name: VacaImage
  m_TagString: Untagged
  m_Icon: {fileID: 0}
  m_NavMeshLayer: 0
  m_StaticEditorFlags: 0
  m_IsActive: 1
--- !u!4 &353275276690391928
Transform:
  m_ObjectHideFlags: 0
  m_CorrespondingSourceObject: {fileID: 0}
  m_PrefabInstance: {fileID: 0}
  m_PrefabAsset: {fileID: 0}
  m_GameObject: {fileID: 7984091824179064598}
  m_LocalRotation: {x: 0, y: 0, z: 0, w: 1}
  m_LocalPosition: {x: -1631, y: 0, z: 0}
  m_LocalScale: {x: 1, y: 1, z: 1}
  m_Children:
  - {fileID: 3143588103400175439}
  - {fileID: 8067818466976500099}
  - {fileID: 3821770846481263508}
  - {fileID: 190141613832822565}
  m_Father: {fileID: 0}
  m_RootOrder: 0
  m_LocalEulerAnglesHint: {x: 0, y: 0, z: 0}
--- !u!114 &598071851910720174
MonoBehaviour:
  m_ObjectHideFlags: 0
  m_CorrespondingSourceObject: {fileID: 0}
  m_PrefabInstance: {fileID: 0}
  m_PrefabAsset: {fileID: 0}
  m_GameObject: {fileID: 7984091824179064598}
  m_Enabled: 1
  m_EditorHideFlags: 0
  m_Script: {fileID: -1631628248, guid: 4bc5fd733b147194692297d23f623541, type: 3}
  m_Name: 
  m_EditorClassIdentifier: 
  mTrackableName: Vaca
  mInitializedInEditor: 1
  mDataSetPath: Vuforia/RA1.xml
  mAspectRatio: 1
  mImageTargetType: 0
  mWidth: 1000
  mHeight: 1000
  mRuntimeTexture: {fileID: 0}
--- !u!114 &520377809971648384
MonoBehaviour:
  m_ObjectHideFlags: 0
  m_CorrespondingSourceObject: {fileID: 0}
  m_PrefabInstance: {fileID: 0}
  m_PrefabAsset: {fileID: 0}
  m_GameObject: {fileID: 7984091824179064598}
  m_Enabled: 1
  m_EditorHideFlags: 0
  m_Script: {fileID: 11500000, guid: 5a917f0af64a6423093132dab321c15f, type: 3}
  m_Name: 
  m_EditorClassIdentifier: 
  StatusFilter: 0
  OnTargetFound:
    m_PersistentCalls:
      m_Calls: []
  OnTargetLost:
    m_PersistentCalls:
      m_Calls: []
--- !u!114 &2179983091177741166
MonoBehaviour:
  m_ObjectHideFlags: 0
  m_CorrespondingSourceObject: {fileID: 0}
  m_PrefabInstance: {fileID: 0}
  m_PrefabAsset: {fileID: 0}
  m_GameObject: {fileID: 7984091824179064598}
  m_Enabled: 1
  m_EditorHideFlags: 0
  m_Script: {fileID: -1770992566, guid: 4bc5fd733b147194692297d23f623541, type: 3}
  m_Name: 
  m_EditorClassIdentifier: 
--- !u!23 &576123555221155130
MeshRenderer:
  m_ObjectHideFlags: 0
  m_CorrespondingSourceObject: {fileID: 0}
  m_PrefabInstance: {fileID: 0}
  m_PrefabAsset: {fileID: 0}
  m_GameObject: {fileID: 7984091824179064598}
  m_Enabled: 1
  m_CastShadows: 1
  m_ReceiveShadows: 1
  m_DynamicOccludee: 1
  m_MotionVectors: 1
  m_LightProbeUsage: 0
  m_ReflectionProbeUsage: 1
  m_RayTracingMode: 2
  m_RenderingLayerMask: 1
  m_RendererPriority: 0
  m_Materials:
  - {fileID: 0}
  m_StaticBatchInfo:
    firstSubMesh: 0
    subMeshCount: 0
  m_StaticBatchRoot: {fileID: 0}
  m_ProbeAnchor: {fileID: 0}
  m_LightProbeVolumeOverride: {fileID: 0}
  m_ScaleInLightmap: 1
  m_ReceiveGI: 1
  m_PreserveUVs: 0
  m_IgnoreNormalsForChartDetection: 0
  m_ImportantGI: 0
  m_StitchLightmapSeams: 1
  m_SelectedEditorRenderState: 3
  m_MinimumChartSize: 4
  m_AutoUVMaxDistance: 0.5
  m_AutoUVMaxAngle: 89
  m_LightmapParameters: {fileID: 0}
  m_SortingLayerID: 0
  m_SortingLayer: 0
  m_SortingOrder: 0
--- !u!33 &3977236565454982326
MeshFilter:
  m_ObjectHideFlags: 0
  m_CorrespondingSourceObject: {fileID: 0}
  m_PrefabInstance: {fileID: 0}
  m_PrefabAsset: {fileID: 0}
  m_GameObject: {fileID: 7984091824179064598}
  m_Mesh: {fileID: 0}
--- !u!114 &1028591262295944770
MonoBehaviour:
  m_ObjectHideFlags: 0
  m_CorrespondingSourceObject: {fileID: 0}
  m_PrefabInstance: {fileID: 0}
  m_PrefabAsset: {fileID: 0}
  m_GameObject: {fileID: 7984091824179064598}
  m_Enabled: 1
  m_EditorHideFlags: 0
  m_Script: {fileID: 11500000, guid: 7fd7a95dd45c147438e4660b5ca0b660, type: 3}
  m_Name: 
  m_EditorClassIdentifier: 
  _desafios:
  - {fileID: 7994194226545650239}
  - {fileID: 7476486237000569189}
  - {fileID: 190141613832822574}
--- !u!1001 &3199901356383833583
PrefabInstance:
  m_ObjectHideFlags: 0
  serializedVersion: 2
  m_Modification:
    m_TransformParent: {fileID: 353275276690391928}
    m_Modifications:
    - target: {fileID: 3372019223509544929, guid: 5fcad817d1ceebf4581f7bcd681ec064,
        type: 3}
      propertyPath: m_textInfo.characterCount
      value: 1
      objectReference: {fileID: 0}
    - target: {fileID: 3372019223509544929, guid: 5fcad817d1ceebf4581f7bcd681ec064,
        type: 3}
      propertyPath: m_textInfo.spaceCount
      value: 1
      objectReference: {fileID: 0}
    - target: {fileID: 3372019223509544929, guid: 5fcad817d1ceebf4581f7bcd681ec064,
        type: 3}
      propertyPath: m_textInfo.wordCount
      value: 1
      objectReference: {fileID: 0}
    - target: {fileID: 3372019223509544929, guid: 5fcad817d1ceebf4581f7bcd681ec064,
        type: 3}
      propertyPath: m_textInfo.lineCount
      value: 1
      objectReference: {fileID: 0}
    - target: {fileID: 3372019223509544929, guid: 5fcad817d1ceebf4581f7bcd681ec064,
        type: 3}
      propertyPath: m_textInfo.pageCount
      value: 1
      objectReference: {fileID: 0}
    - target: {fileID: 3372019223525774014, guid: 5fcad817d1ceebf4581f7bcd681ec064,
        type: 3}
      propertyPath: _tipoDeSom
      value: 
      objectReference: {fileID: 11400000, guid: 745b085308b024342997b63bc6c04783,
        type: 2}
    - target: {fileID: 3372019223525774017, guid: 5fcad817d1ceebf4581f7bcd681ec064,
        type: 3}
      propertyPath: m_Name
      value: DesafioOpcaoCertaSom
      objectReference: {fileID: 0}
    - target: {fileID: 3372019223525774026, guid: 5fcad817d1ceebf4581f7bcd681ec064,
        type: 3}
      propertyPath: m_LocalPosition.x
      value: 0
      objectReference: {fileID: 0}
    - target: {fileID: 3372019223525774026, guid: 5fcad817d1ceebf4581f7bcd681ec064,
        type: 3}
      propertyPath: m_LocalPosition.y
      value: 0
      objectReference: {fileID: 0}
    - target: {fileID: 3372019223525774026, guid: 5fcad817d1ceebf4581f7bcd681ec064,
        type: 3}
      propertyPath: m_LocalPosition.z
      value: -700
      objectReference: {fileID: 0}
    - target: {fileID: 3372019223525774026, guid: 5fcad817d1ceebf4581f7bcd681ec064,
        type: 3}
      propertyPath: m_LocalRotation.x
      value: 0.2164396
      objectReference: {fileID: 0}
    - target: {fileID: 3372019223525774026, guid: 5fcad817d1ceebf4581f7bcd681ec064,
        type: 3}
      propertyPath: m_LocalRotation.y
      value: 0
      objectReference: {fileID: 0}
    - target: {fileID: 3372019223525774026, guid: 5fcad817d1ceebf4581f7bcd681ec064,
        type: 3}
      propertyPath: m_LocalRotation.z
      value: 0
      objectReference: {fileID: 0}
    - target: {fileID: 3372019223525774026, guid: 5fcad817d1ceebf4581f7bcd681ec064,
        type: 3}
      propertyPath: m_LocalRotation.w
      value: 0.97629607
      objectReference: {fileID: 0}
    - target: {fileID: 3372019223525774026, guid: 5fcad817d1ceebf4581f7bcd681ec064,
        type: 3}
      propertyPath: m_RootOrder
      value: 3
      objectReference: {fileID: 0}
    - target: {fileID: 3372019223525774026, guid: 5fcad817d1ceebf4581f7bcd681ec064,
        type: 3}
      propertyPath: m_LocalEulerAnglesHint.x
      value: 25
      objectReference: {fileID: 0}
    - target: {fileID: 3372019223525774026, guid: 5fcad817d1ceebf4581f7bcd681ec064,
        type: 3}
      propertyPath: m_LocalEulerAnglesHint.y
      value: 0
      objectReference: {fileID: 0}
    - target: {fileID: 3372019223525774026, guid: 5fcad817d1ceebf4581f7bcd681ec064,
        type: 3}
      propertyPath: m_LocalEulerAnglesHint.z
      value: 0
      objectReference: {fileID: 0}
    - target: {fileID: 3372019223525774026, guid: 5fcad817d1ceebf4581f7bcd681ec064,
        type: 3}
      propertyPath: m_AnchoredPosition.x
      value: 0
      objectReference: {fileID: 0}
    - target: {fileID: 3372019223525774026, guid: 5fcad817d1ceebf4581f7bcd681ec064,
        type: 3}
      propertyPath: m_AnchoredPosition.y
      value: 380
      objectReference: {fileID: 0}
    - target: {fileID: 3372019223525774026, guid: 5fcad817d1ceebf4581f7bcd681ec064,
        type: 3}
      propertyPath: m_SizeDelta.x
      value: 0
      objectReference: {fileID: 0}
    - target: {fileID: 3372019223525774026, guid: 5fcad817d1ceebf4581f7bcd681ec064,
        type: 3}
      propertyPath: m_SizeDelta.y
      value: 0
      objectReference: {fileID: 0}
    - target: {fileID: 3372019223525774026, guid: 5fcad817d1ceebf4581f7bcd681ec064,
        type: 3}
      propertyPath: m_AnchorMin.x
      value: 0
      objectReference: {fileID: 0}
    - target: {fileID: 3372019223525774026, guid: 5fcad817d1ceebf4581f7bcd681ec064,
        type: 3}
      propertyPath: m_AnchorMin.y
      value: 0
      objectReference: {fileID: 0}
    - target: {fileID: 3372019223525774026, guid: 5fcad817d1ceebf4581f7bcd681ec064,
        type: 3}
      propertyPath: m_AnchorMax.x
      value: 0
      objectReference: {fileID: 0}
    - target: {fileID: 3372019223525774026, guid: 5fcad817d1ceebf4581f7bcd681ec064,
        type: 3}
      propertyPath: m_AnchorMax.y
      value: 0
      objectReference: {fileID: 0}
    - target: {fileID: 3372019223525774026, guid: 5fcad817d1ceebf4581f7bcd681ec064,
        type: 3}
      propertyPath: m_Pivot.x
      value: 0
      objectReference: {fileID: 0}
    - target: {fileID: 3372019223525774026, guid: 5fcad817d1ceebf4581f7bcd681ec064,
        type: 3}
      propertyPath: m_Pivot.y
      value: 0
      objectReference: {fileID: 0}
    - target: {fileID: 3372019224092212792, guid: 5fcad817d1ceebf4581f7bcd681ec064,
        type: 3}
      propertyPath: m_textInfo.characterCount
      value: 1
      objectReference: {fileID: 0}
    - target: {fileID: 3372019224092212792, guid: 5fcad817d1ceebf4581f7bcd681ec064,
        type: 3}
      propertyPath: m_textInfo.spaceCount
      value: 1
      objectReference: {fileID: 0}
    - target: {fileID: 3372019224092212792, guid: 5fcad817d1ceebf4581f7bcd681ec064,
        type: 3}
      propertyPath: m_textInfo.wordCount
      value: 1
      objectReference: {fileID: 0}
    - target: {fileID: 3372019224092212792, guid: 5fcad817d1ceebf4581f7bcd681ec064,
        type: 3}
      propertyPath: m_textInfo.lineCount
      value: 1
      objectReference: {fileID: 0}
    - target: {fileID: 3372019224092212792, guid: 5fcad817d1ceebf4581f7bcd681ec064,
        type: 3}
      propertyPath: m_textInfo.pageCount
      value: 1
      objectReference: {fileID: 0}
    - target: {fileID: 3372019224538266425, guid: 5fcad817d1ceebf4581f7bcd681ec064,
        type: 3}
      propertyPath: m_textInfo.characterCount
      value: 1
      objectReference: {fileID: 0}
    - target: {fileID: 3372019224538266425, guid: 5fcad817d1ceebf4581f7bcd681ec064,
        type: 3}
      propertyPath: m_textInfo.spaceCount
      value: 1
      objectReference: {fileID: 0}
    - target: {fileID: 3372019224538266425, guid: 5fcad817d1ceebf4581f7bcd681ec064,
        type: 3}
      propertyPath: m_textInfo.wordCount
      value: 1
      objectReference: {fileID: 0}
    - target: {fileID: 3372019224538266425, guid: 5fcad817d1ceebf4581f7bcd681ec064,
        type: 3}
      propertyPath: m_textInfo.lineCount
      value: 1
      objectReference: {fileID: 0}
    - target: {fileID: 3372019224538266425, guid: 5fcad817d1ceebf4581f7bcd681ec064,
        type: 3}
      propertyPath: m_textInfo.pageCount
      value: 1
      objectReference: {fileID: 0}
    - target: {fileID: 3372019224637359992, guid: 5fcad817d1ceebf4581f7bcd681ec064,
        type: 3}
      propertyPath: m_textInfo.characterCount
      value: 24
      objectReference: {fileID: 0}
    - target: {fileID: 3372019224637359992, guid: 5fcad817d1ceebf4581f7bcd681ec064,
        type: 3}
      propertyPath: m_textInfo.spaceCount
      value: 4
      objectReference: {fileID: 0}
    - target: {fileID: 3372019224637359992, guid: 5fcad817d1ceebf4581f7bcd681ec064,
        type: 3}
      propertyPath: m_textInfo.wordCount
      value: 5
      objectReference: {fileID: 0}
    - target: {fileID: 3372019224637359992, guid: 5fcad817d1ceebf4581f7bcd681ec064,
        type: 3}
      propertyPath: m_textInfo.lineCount
      value: 1
      objectReference: {fileID: 0}
    - target: {fileID: 3372019224637359992, guid: 5fcad817d1ceebf4581f7bcd681ec064,
        type: 3}
      propertyPath: m_textInfo.pageCount
      value: 1
      objectReference: {fileID: 0}
    - target: {fileID: 5066355559197668535, guid: 5fcad817d1ceebf4581f7bcd681ec064,
        type: 3}
      propertyPath: m_textInfo.characterCount
      value: 1
      objectReference: {fileID: 0}
    - target: {fileID: 5066355559197668535, guid: 5fcad817d1ceebf4581f7bcd681ec064,
        type: 3}
      propertyPath: m_textInfo.spaceCount
      value: 1
      objectReference: {fileID: 0}
    - target: {fileID: 5066355559197668535, guid: 5fcad817d1ceebf4581f7bcd681ec064,
        type: 3}
      propertyPath: m_textInfo.wordCount
      value: 1
      objectReference: {fileID: 0}
    - target: {fileID: 5066355559197668535, guid: 5fcad817d1ceebf4581f7bcd681ec064,
        type: 3}
      propertyPath: m_textInfo.lineCount
      value: 1
      objectReference: {fileID: 0}
    - target: {fileID: 5066355559197668535, guid: 5fcad817d1ceebf4581f7bcd681ec064,
        type: 3}
      propertyPath: m_textInfo.pageCount
      value: 1
      objectReference: {fileID: 0}
    - target: {fileID: 5066355559672316714, guid: 5fcad817d1ceebf4581f7bcd681ec064,
        type: 3}
      propertyPath: m_textInfo.characterCount
      value: 1
      objectReference: {fileID: 0}
    - target: {fileID: 5066355559672316714, guid: 5fcad817d1ceebf4581f7bcd681ec064,
        type: 3}
      propertyPath: m_textInfo.spaceCount
      value: 1
      objectReference: {fileID: 0}
    - target: {fileID: 5066355559672316714, guid: 5fcad817d1ceebf4581f7bcd681ec064,
        type: 3}
      propertyPath: m_textInfo.wordCount
      value: 1
      objectReference: {fileID: 0}
    - target: {fileID: 5066355559672316714, guid: 5fcad817d1ceebf4581f7bcd681ec064,
        type: 3}
      propertyPath: m_textInfo.lineCount
      value: 1
      objectReference: {fileID: 0}
    - target: {fileID: 5066355559672316714, guid: 5fcad817d1ceebf4581f7bcd681ec064,
        type: 3}
      propertyPath: m_textInfo.pageCount
      value: 1
      objectReference: {fileID: 0}
    - target: {fileID: 5066355559859668677, guid: 5fcad817d1ceebf4581f7bcd681ec064,
        type: 3}
      propertyPath: m_textInfo.characterCount
      value: 1
      objectReference: {fileID: 0}
    - target: {fileID: 5066355559859668677, guid: 5fcad817d1ceebf4581f7bcd681ec064,
        type: 3}
      propertyPath: m_textInfo.spaceCount
      value: 1
      objectReference: {fileID: 0}
    - target: {fileID: 5066355559859668677, guid: 5fcad817d1ceebf4581f7bcd681ec064,
        type: 3}
      propertyPath: m_textInfo.wordCount
      value: 1
      objectReference: {fileID: 0}
    - target: {fileID: 5066355559859668677, guid: 5fcad817d1ceebf4581f7bcd681ec064,
        type: 3}
      propertyPath: m_textInfo.lineCount
      value: 1
      objectReference: {fileID: 0}
    - target: {fileID: 5066355559859668677, guid: 5fcad817d1ceebf4581f7bcd681ec064,
        type: 3}
      propertyPath: m_textInfo.pageCount
      value: 1
      objectReference: {fileID: 0}
    m_RemovedComponents: []
  m_SourcePrefab: {fileID: 100100000, guid: 5fcad817d1ceebf4581f7bcd681ec064, type: 3}
--- !u!1 &190141613832822574 stripped
GameObject:
  m_CorrespondingSourceObject: {fileID: 3372019223525774017, guid: 5fcad817d1ceebf4581f7bcd681ec064,
    type: 3}
  m_PrefabInstance: {fileID: 3199901356383833583}
  m_PrefabAsset: {fileID: 0}
--- !u!224 &190141613832822565 stripped
RectTransform:
  m_CorrespondingSourceObject: {fileID: 3372019223525774026, guid: 5fcad817d1ceebf4581f7bcd681ec064,
    type: 3}
  m_PrefabInstance: {fileID: 3199901356383833583}
  m_PrefabAsset: {fileID: 0}
--- !u!1001 &3518849135683994619
PrefabInstance:
  m_ObjectHideFlags: 0
  serializedVersion: 2
  m_Modification:
    m_TransformParent: {fileID: 353275276690391928}
    m_Modifications:
    - target: {fileID: 1888874146796372258, guid: ed798b05729b02c42a60ad10242e8ccc,
        type: 3}
      propertyPath: m_Enabled
      value: 0
      objectReference: {fileID: 0}
    - target: {fileID: 1972685932660974700, guid: ed798b05729b02c42a60ad10242e8ccc,
        type: 3}
      propertyPath: m_Name
      value: Cow Black-White
      objectReference: {fileID: 0}
    - target: {fileID: 1978542708514174132, guid: ed798b05729b02c42a60ad10242e8ccc,
        type: 3}
      propertyPath: m_LocalPosition.x
      value: -5.4407
      objectReference: {fileID: 0}
    - target: {fileID: 1978542708514174132, guid: ed798b05729b02c42a60ad10242e8ccc,
        type: 3}
      propertyPath: m_LocalPosition.y
      value: -0
      objectReference: {fileID: 0}
    - target: {fileID: 1978542708514174132, guid: ed798b05729b02c42a60ad10242e8ccc,
        type: 3}
      propertyPath: m_LocalPosition.z
      value: -17.175
      objectReference: {fileID: 0}
    - target: {fileID: 1978542708514174132, guid: ed798b05729b02c42a60ad10242e8ccc,
        type: 3}
      propertyPath: m_LocalRotation.x
      value: 0
      objectReference: {fileID: 0}
    - target: {fileID: 1978542708514174132, guid: ed798b05729b02c42a60ad10242e8ccc,
        type: 3}
      propertyPath: m_LocalRotation.y
      value: 0.9961947
      objectReference: {fileID: 0}
    - target: {fileID: 1978542708514174132, guid: ed798b05729b02c42a60ad10242e8ccc,
        type: 3}
      propertyPath: m_LocalRotation.z
      value: -0
      objectReference: {fileID: 0}
    - target: {fileID: 1978542708514174132, guid: ed798b05729b02c42a60ad10242e8ccc,
        type: 3}
      propertyPath: m_LocalRotation.w
      value: -0.08715578
      objectReference: {fileID: 0}
    - target: {fileID: 1978542708514174132, guid: ed798b05729b02c42a60ad10242e8ccc,
        type: 3}
      propertyPath: m_RootOrder
      value: 0
      objectReference: {fileID: 0}
    - target: {fileID: 1978542708514174132, guid: ed798b05729b02c42a60ad10242e8ccc,
        type: 3}
      propertyPath: m_LocalEulerAnglesHint.x
      value: 0
      objectReference: {fileID: 0}
    - target: {fileID: 1978542708514174132, guid: ed798b05729b02c42a60ad10242e8ccc,
        type: 3}
      propertyPath: m_LocalEulerAnglesHint.y
      value: 190
      objectReference: {fileID: 0}
    - target: {fileID: 1978542708514174132, guid: ed798b05729b02c42a60ad10242e8ccc,
        type: 3}
      propertyPath: m_LocalEulerAnglesHint.z
      value: 0
      objectReference: {fileID: 0}
    - target: {fileID: 1978542708514174132, guid: ed798b05729b02c42a60ad10242e8ccc,
        type: 3}
      propertyPath: m_LocalScale.x
      value: 323.61624
      objectReference: {fileID: 0}
    - target: {fileID: 1978542708514174132, guid: ed798b05729b02c42a60ad10242e8ccc,
        type: 3}
      propertyPath: m_LocalScale.y
      value: 323.61624
      objectReference: {fileID: 0}
    - target: {fileID: 1978542708514174132, guid: ed798b05729b02c42a60ad10242e8ccc,
        type: 3}
      propertyPath: m_LocalScale.z
      value: 323.61624
      objectReference: {fileID: 0}
    m_RemovedComponents:
    - {fileID: 1860253051529568618, guid: ed798b05729b02c42a60ad10242e8ccc, type: 3}
    - {fileID: 1941339310599678238, guid: ed798b05729b02c42a60ad10242e8ccc, type: 3}
    - {fileID: 1941683077170331910, guid: ed798b05729b02c42a60ad10242e8ccc, type: 3}
    - {fileID: 1892120778154175698, guid: ed798b05729b02c42a60ad10242e8ccc, type: 3}
    - {fileID: 1916572333445003850, guid: ed798b05729b02c42a60ad10242e8ccc, type: 3}
  m_SourcePrefab: {fileID: 100100000, guid: ed798b05729b02c42a60ad10242e8ccc, type: 3}
--- !u!4 &3143588103400175439 stripped
Transform:
  m_CorrespondingSourceObject: {fileID: 1978542708514174132, guid: ed798b05729b02c42a60ad10242e8ccc,
    type: 3}
  m_PrefabInstance: {fileID: 3518849135683994619}
  m_PrefabAsset: {fileID: 0}
--- !u!1001 &7462520622941542988
PrefabInstance:
  m_ObjectHideFlags: 0
  serializedVersion: 2
  m_Modification:
    m_TransformParent: {fileID: 353275276690391928}
    m_Modifications:
    - target: {fileID: 605334827025929167, guid: 48ccb65fdd50f4547b2bd501d272d923,
        type: 3}
      propertyPath: m_LocalPosition.x
      value: 0
      objectReference: {fileID: 0}
    - target: {fileID: 605334827025929167, guid: 48ccb65fdd50f4547b2bd501d272d923,
        type: 3}
      propertyPath: m_LocalPosition.y
      value: 0
      objectReference: {fileID: 0}
    - target: {fileID: 605334827025929167, guid: 48ccb65fdd50f4547b2bd501d272d923,
        type: 3}
      propertyPath: m_LocalPosition.z
      value: -700
      objectReference: {fileID: 0}
    - target: {fileID: 605334827025929167, guid: 48ccb65fdd50f4547b2bd501d272d923,
        type: 3}
      propertyPath: m_LocalRotation.x
      value: 0.2164396
      objectReference: {fileID: 0}
    - target: {fileID: 605334827025929167, guid: 48ccb65fdd50f4547b2bd501d272d923,
        type: 3}
      propertyPath: m_LocalRotation.y
      value: 0
      objectReference: {fileID: 0}
    - target: {fileID: 605334827025929167, guid: 48ccb65fdd50f4547b2bd501d272d923,
        type: 3}
      propertyPath: m_LocalRotation.z
      value: 0
      objectReference: {fileID: 0}
    - target: {fileID: 605334827025929167, guid: 48ccb65fdd50f4547b2bd501d272d923,
        type: 3}
      propertyPath: m_LocalRotation.w
      value: 0.97629607
      objectReference: {fileID: 0}
    - target: {fileID: 605334827025929167, guid: 48ccb65fdd50f4547b2bd501d272d923,
        type: 3}
      propertyPath: m_RootOrder
      value: 1
      objectReference: {fileID: 0}
    - target: {fileID: 605334827025929167, guid: 48ccb65fdd50f4547b2bd501d272d923,
        type: 3}
      propertyPath: m_LocalEulerAnglesHint.x
      value: 25
      objectReference: {fileID: 0}
    - target: {fileID: 605334827025929167, guid: 48ccb65fdd50f4547b2bd501d272d923,
        type: 3}
      propertyPath: m_LocalEulerAnglesHint.y
      value: 0
      objectReference: {fileID: 0}
    - target: {fileID: 605334827025929167, guid: 48ccb65fdd50f4547b2bd501d272d923,
        type: 3}
      propertyPath: m_LocalEulerAnglesHint.z
      value: 0
      objectReference: {fileID: 0}
    - target: {fileID: 605334827025929167, guid: 48ccb65fdd50f4547b2bd501d272d923,
        type: 3}
      propertyPath: m_AnchoredPosition.x
      value: 0
      objectReference: {fileID: 0}
    - target: {fileID: 605334827025929167, guid: 48ccb65fdd50f4547b2bd501d272d923,
        type: 3}
      propertyPath: m_AnchoredPosition.y
      value: 380
      objectReference: {fileID: 0}
    - target: {fileID: 605334827025929167, guid: 48ccb65fdd50f4547b2bd501d272d923,
        type: 3}
      propertyPath: m_SizeDelta.x
      value: 0
      objectReference: {fileID: 0}
    - target: {fileID: 605334827025929167, guid: 48ccb65fdd50f4547b2bd501d272d923,
        type: 3}
      propertyPath: m_SizeDelta.y
      value: 0
      objectReference: {fileID: 0}
    - target: {fileID: 605334827025929167, guid: 48ccb65fdd50f4547b2bd501d272d923,
        type: 3}
      propertyPath: m_AnchorMin.x
      value: 0
      objectReference: {fileID: 0}
    - target: {fileID: 605334827025929167, guid: 48ccb65fdd50f4547b2bd501d272d923,
        type: 3}
      propertyPath: m_AnchorMin.y
      value: 0
      objectReference: {fileID: 0}
    - target: {fileID: 605334827025929167, guid: 48ccb65fdd50f4547b2bd501d272d923,
        type: 3}
      propertyPath: m_AnchorMax.x
      value: 0
      objectReference: {fileID: 0}
    - target: {fileID: 605334827025929167, guid: 48ccb65fdd50f4547b2bd501d272d923,
        type: 3}
      propertyPath: m_AnchorMax.y
      value: 0
      objectReference: {fileID: 0}
    - target: {fileID: 605334827025929167, guid: 48ccb65fdd50f4547b2bd501d272d923,
        type: 3}
      propertyPath: m_Pivot.x
      value: 0
      objectReference: {fileID: 0}
    - target: {fileID: 605334827025929167, guid: 48ccb65fdd50f4547b2bd501d272d923,
        type: 3}
      propertyPath: m_Pivot.y
      value: 0
      objectReference: {fileID: 0}
    - target: {fileID: 675865110338498675, guid: 48ccb65fdd50f4547b2bd501d272d923,
        type: 3}
      propertyPath: m_Name
      value: DesafioOpcaoCertaComida
      objectReference: {fileID: 0}
    - target: {fileID: 1270484035787604311, guid: 48ccb65fdd50f4547b2bd501d272d923,
        type: 3}
      propertyPath: m_textInfo.characterCount
      value: 0
      objectReference: {fileID: 0}
    - target: {fileID: 1270484035787604311, guid: 48ccb65fdd50f4547b2bd501d272d923,
        type: 3}
      propertyPath: m_textInfo.wordCount
      value: 0
      objectReference: {fileID: 0}
    - target: {fileID: 1270484035787604311, guid: 48ccb65fdd50f4547b2bd501d272d923,
        type: 3}
      propertyPath: m_textInfo.lineCount
      value: 0
      objectReference: {fileID: 0}
    - target: {fileID: 1270484035787604311, guid: 48ccb65fdd50f4547b2bd501d272d923,
        type: 3}
      propertyPath: m_textInfo.pageCount
      value: 0
      objectReference: {fileID: 0}
    - target: {fileID: 3683319567343052599, guid: 48ccb65fdd50f4547b2bd501d272d923,
        type: 3}
      propertyPath: m_textInfo.characterCount
      value: 1
      objectReference: {fileID: 0}
    - target: {fileID: 3683319567343052599, guid: 48ccb65fdd50f4547b2bd501d272d923,
        type: 3}
      propertyPath: m_textInfo.spaceCount
      value: 1
      objectReference: {fileID: 0}
    - target: {fileID: 3683319567343052599, guid: 48ccb65fdd50f4547b2bd501d272d923,
        type: 3}
      propertyPath: m_textInfo.wordCount
      value: 1
      objectReference: {fileID: 0}
    - target: {fileID: 3683319567343052599, guid: 48ccb65fdd50f4547b2bd501d272d923,
        type: 3}
      propertyPath: m_textInfo.lineCount
      value: 1
      objectReference: {fileID: 0}
    - target: {fileID: 3683319567343052599, guid: 48ccb65fdd50f4547b2bd501d272d923,
        type: 3}
      propertyPath: m_textInfo.pageCount
      value: 1
      objectReference: {fileID: 0}
    - target: {fileID: 4558511356101872841, guid: 48ccb65fdd50f4547b2bd501d272d923,
        type: 3}
      propertyPath: _tipoDeAnimal
      value: 
      objectReference: {fileID: 11400000, guid: 9eaf16d640038164dba20ba0c9ee2a3d,
        type: 2}
    - target: {fileID: 5084958568711782084, guid: 48ccb65fdd50f4547b2bd501d272d923,
        type: 3}
      propertyPath: m_textInfo.characterCount
      value: 1
      objectReference: {fileID: 0}
    - target: {fileID: 5084958568711782084, guid: 48ccb65fdd50f4547b2bd501d272d923,
        type: 3}
      propertyPath: m_textInfo.spaceCount
      value: 1
      objectReference: {fileID: 0}
    - target: {fileID: 5084958568711782084, guid: 48ccb65fdd50f4547b2bd501d272d923,
        type: 3}
      propertyPath: m_textInfo.wordCount
      value: 1
      objectReference: {fileID: 0}
    - target: {fileID: 5084958568711782084, guid: 48ccb65fdd50f4547b2bd501d272d923,
        type: 3}
      propertyPath: m_textInfo.lineCount
      value: 1
      objectReference: {fileID: 0}
    - target: {fileID: 5084958568711782084, guid: 48ccb65fdd50f4547b2bd501d272d923,
        type: 3}
      propertyPath: m_textInfo.pageCount
      value: 1
      objectReference: {fileID: 0}
    - target: {fileID: 5343177671356547589, guid: 48ccb65fdd50f4547b2bd501d272d923,
        type: 3}
      propertyPath: m_textInfo.characterCount
      value: 36
      objectReference: {fileID: 0}
    - target: {fileID: 5343177671356547589, guid: 48ccb65fdd50f4547b2bd501d272d923,
        type: 3}
      propertyPath: m_textInfo.spaceCount
      value: 6
      objectReference: {fileID: 0}
    - target: {fileID: 5343177671356547589, guid: 48ccb65fdd50f4547b2bd501d272d923,
        type: 3}
      propertyPath: m_textInfo.wordCount
      value: 7
      objectReference: {fileID: 0}
    - target: {fileID: 5343177671356547589, guid: 48ccb65fdd50f4547b2bd501d272d923,
        type: 3}
      propertyPath: m_textInfo.lineCount
      value: 1
      objectReference: {fileID: 0}
    - target: {fileID: 5343177671356547589, guid: 48ccb65fdd50f4547b2bd501d272d923,
        type: 3}
      propertyPath: m_textInfo.pageCount
      value: 1
      objectReference: {fileID: 0}
    - target: {fileID: 5394872331710167692, guid: 48ccb65fdd50f4547b2bd501d272d923,
        type: 3}
      propertyPath: m_AnchoredPosition.y
      value: 702
      objectReference: {fileID: 0}
    - target: {fileID: 6111085564617973797, guid: 48ccb65fdd50f4547b2bd501d272d923,
        type: 3}
      propertyPath: m_textInfo.characterCount
      value: 1
      objectReference: {fileID: 0}
    - target: {fileID: 6111085564617973797, guid: 48ccb65fdd50f4547b2bd501d272d923,
        type: 3}
      propertyPath: m_textInfo.spaceCount
      value: 1
      objectReference: {fileID: 0}
    - target: {fileID: 6111085564617973797, guid: 48ccb65fdd50f4547b2bd501d272d923,
        type: 3}
      propertyPath: m_textInfo.wordCount
      value: 1
      objectReference: {fileID: 0}
    - target: {fileID: 6111085564617973797, guid: 48ccb65fdd50f4547b2bd501d272d923,
        type: 3}
      propertyPath: m_textInfo.lineCount
      value: 1
      objectReference: {fileID: 0}
    - target: {fileID: 6111085564617973797, guid: 48ccb65fdd50f4547b2bd501d272d923,
        type: 3}
      propertyPath: m_textInfo.pageCount
      value: 1
      objectReference: {fileID: 0}
    - target: {fileID: 7346990611907334336, guid: 48ccb65fdd50f4547b2bd501d272d923,
        type: 3}
      propertyPath: m_textInfo.characterCount
      value: 0
      objectReference: {fileID: 0}
    - target: {fileID: 7346990611907334336, guid: 48ccb65fdd50f4547b2bd501d272d923,
        type: 3}
      propertyPath: m_textInfo.wordCount
      value: 0
      objectReference: {fileID: 0}
    - target: {fileID: 7346990611907334336, guid: 48ccb65fdd50f4547b2bd501d272d923,
        type: 3}
      propertyPath: m_textInfo.lineCount
      value: 0
      objectReference: {fileID: 0}
    - target: {fileID: 7346990611907334336, guid: 48ccb65fdd50f4547b2bd501d272d923,
        type: 3}
      propertyPath: m_textInfo.pageCount
      value: 0
      objectReference: {fileID: 0}
    m_RemovedComponents: []
  m_SourcePrefab: {fileID: 100100000, guid: 48ccb65fdd50f4547b2bd501d272d923, type: 3}
--- !u!1 &7994194226545650239 stripped
GameObject:
  m_CorrespondingSourceObject: {fileID: 675865110338498675, guid: 48ccb65fdd50f4547b2bd501d272d923,
    type: 3}
  m_PrefabInstance: {fileID: 7462520622941542988}
  m_PrefabAsset: {fileID: 0}
--- !u!224 &8067818466976500099 stripped
RectTransform:
  m_CorrespondingSourceObject: {fileID: 605334827025929167, guid: 48ccb65fdd50f4547b2bd501d272d923,
    type: 3}
  m_PrefabInstance: {fileID: 7462520622941542988}
  m_PrefabAsset: {fileID: 0}
--- !u!1001 &8110483584353685864
PrefabInstance:
  m_ObjectHideFlags: 0
  serializedVersion: 2
  m_Modification:
    m_TransformParent: {fileID: 353275276690391928}
    m_Modifications:
    - target: {fileID: 1578926113353425165, guid: abbcbdaccd421524cb72de87ae888217,
        type: 3}
      propertyPath: m_textInfo.characterCount
      value: 1
      objectReference: {fileID: 0}
    - target: {fileID: 1578926113353425165, guid: abbcbdaccd421524cb72de87ae888217,
        type: 3}
      propertyPath: m_textInfo.spaceCount
      value: 1
      objectReference: {fileID: 0}
    - target: {fileID: 1578926113353425165, guid: abbcbdaccd421524cb72de87ae888217,
        type: 3}
      propertyPath: m_textInfo.wordCount
      value: 1
      objectReference: {fileID: 0}
    - target: {fileID: 1578926113353425165, guid: abbcbdaccd421524cb72de87ae888217,
        type: 3}
      propertyPath: m_textInfo.lineCount
      value: 1
      objectReference: {fileID: 0}
    - target: {fileID: 1578926113353425165, guid: abbcbdaccd421524cb72de87ae888217,
        type: 3}
      propertyPath: m_textInfo.pageCount
      value: 1
      objectReference: {fileID: 0}
    - target: {fileID: 1679817679844524045, guid: abbcbdaccd421524cb72de87ae888217,
        type: 3}
      propertyPath: m_Name
      value: DesafioOpcaoCertaHabitat
      objectReference: {fileID: 0}
    - target: {fileID: 3219360123479164704, guid: abbcbdaccd421524cb72de87ae888217,
        type: 3}
      propertyPath: m_textInfo.characterCount
      value: 1
      objectReference: {fileID: 0}
    - target: {fileID: 3219360123479164704, guid: abbcbdaccd421524cb72de87ae888217,
        type: 3}
      propertyPath: m_textInfo.spaceCount
      value: 1
      objectReference: {fileID: 0}
    - target: {fileID: 3219360123479164704, guid: abbcbdaccd421524cb72de87ae888217,
        type: 3}
      propertyPath: m_textInfo.wordCount
      value: 1
      objectReference: {fileID: 0}
    - target: {fileID: 3219360123479164704, guid: abbcbdaccd421524cb72de87ae888217,
        type: 3}
      propertyPath: m_textInfo.lineCount
      value: 1
      objectReference: {fileID: 0}
    - target: {fileID: 3219360123479164704, guid: abbcbdaccd421524cb72de87ae888217,
        type: 3}
      propertyPath: m_textInfo.pageCount
      value: 1
      objectReference: {fileID: 0}
    - target: {fileID: 3403346950369043140, guid: abbcbdaccd421524cb72de87ae888217,
        type: 3}
      propertyPath: m_textInfo.characterCount
      value: 1
      objectReference: {fileID: 0}
    - target: {fileID: 3403346950369043140, guid: abbcbdaccd421524cb72de87ae888217,
        type: 3}
      propertyPath: m_textInfo.spaceCount
      value: 1
      objectReference: {fileID: 0}
    - target: {fileID: 3403346950369043140, guid: abbcbdaccd421524cb72de87ae888217,
        type: 3}
      propertyPath: m_textInfo.wordCount
      value: 1
      objectReference: {fileID: 0}
    - target: {fileID: 3403346950369043140, guid: abbcbdaccd421524cb72de87ae888217,
        type: 3}
      propertyPath: m_textInfo.lineCount
      value: 1
      objectReference: {fileID: 0}
    - target: {fileID: 3403346950369043140, guid: abbcbdaccd421524cb72de87ae888217,
        type: 3}
      propertyPath: m_textInfo.pageCount
      value: 1
      objectReference: {fileID: 0}
    - target: {fileID: 4922153999857740660, guid: abbcbdaccd421524cb72de87ae888217,
        type: 3}
      propertyPath: m_AnchoredPosition.y
      value: 702
      objectReference: {fileID: 0}
    - target: {fileID: 5010133155441310460, guid: abbcbdaccd421524cb72de87ae888217,
        type: 3}
      propertyPath: m_LocalPosition.x
      value: 0
      objectReference: {fileID: 0}
    - target: {fileID: 5010133155441310460, guid: abbcbdaccd421524cb72de87ae888217,
        type: 3}
      propertyPath: m_LocalPosition.y
      value: 0
      objectReference: {fileID: 0}
    - target: {fileID: 5010133155441310460, guid: abbcbdaccd421524cb72de87ae888217,
        type: 3}
      propertyPath: m_LocalPosition.z
      value: -700
      objectReference: {fileID: 0}
    - target: {fileID: 5010133155441310460, guid: abbcbdaccd421524cb72de87ae888217,
        type: 3}
      propertyPath: m_LocalRotation.x
      value: 0.2164396
      objectReference: {fileID: 0}
    - target: {fileID: 5010133155441310460, guid: abbcbdaccd421524cb72de87ae888217,
        type: 3}
      propertyPath: m_LocalRotation.y
      value: 0
      objectReference: {fileID: 0}
    - target: {fileID: 5010133155441310460, guid: abbcbdaccd421524cb72de87ae888217,
        type: 3}
      propertyPath: m_LocalRotation.z
      value: 0
      objectReference: {fileID: 0}
    - target: {fileID: 5010133155441310460, guid: abbcbdaccd421524cb72de87ae888217,
        type: 3}
      propertyPath: m_LocalRotation.w
      value: 0.97629607
      objectReference: {fileID: 0}
    - target: {fileID: 5010133155441310460, guid: abbcbdaccd421524cb72de87ae888217,
        type: 3}
      propertyPath: m_RootOrder
      value: 2
      objectReference: {fileID: 0}
    - target: {fileID: 5010133155441310460, guid: abbcbdaccd421524cb72de87ae888217,
        type: 3}
      propertyPath: m_LocalEulerAnglesHint.x
      value: 25
      objectReference: {fileID: 0}
    - target: {fileID: 5010133155441310460, guid: abbcbdaccd421524cb72de87ae888217,
        type: 3}
      propertyPath: m_LocalEulerAnglesHint.y
      value: 0
      objectReference: {fileID: 0}
    - target: {fileID: 5010133155441310460, guid: abbcbdaccd421524cb72de87ae888217,
        type: 3}
      propertyPath: m_LocalEulerAnglesHint.z
      value: 0
      objectReference: {fileID: 0}
    - target: {fileID: 5010133155441310460, guid: abbcbdaccd421524cb72de87ae888217,
        type: 3}
      propertyPath: m_AnchoredPosition.x
      value: 0
      objectReference: {fileID: 0}
    - target: {fileID: 5010133155441310460, guid: abbcbdaccd421524cb72de87ae888217,
        type: 3}
      propertyPath: m_AnchoredPosition.y
      value: 380
      objectReference: {fileID: 0}
    - target: {fileID: 5010133155441310460, guid: abbcbdaccd421524cb72de87ae888217,
        type: 3}
      propertyPath: m_SizeDelta.x
      value: 0
      objectReference: {fileID: 0}
    - target: {fileID: 5010133155441310460, guid: abbcbdaccd421524cb72de87ae888217,
        type: 3}
      propertyPath: m_SizeDelta.y
      value: 0
      objectReference: {fileID: 0}
    - target: {fileID: 5010133155441310460, guid: abbcbdaccd421524cb72de87ae888217,
        type: 3}
      propertyPath: m_AnchorMin.x
      value: 0
      objectReference: {fileID: 0}
    - target: {fileID: 5010133155441310460, guid: abbcbdaccd421524cb72de87ae888217,
        type: 3}
      propertyPath: m_AnchorMin.y
      value: 0
      objectReference: {fileID: 0}
    - target: {fileID: 5010133155441310460, guid: abbcbdaccd421524cb72de87ae888217,
        type: 3}
      propertyPath: m_AnchorMax.x
      value: 0
      objectReference: {fileID: 0}
    - target: {fileID: 5010133155441310460, guid: abbcbdaccd421524cb72de87ae888217,
        type: 3}
      propertyPath: m_AnchorMax.y
      value: 0
      objectReference: {fileID: 0}
    - target: {fileID: 5010133155441310460, guid: abbcbdaccd421524cb72de87ae888217,
        type: 3}
      propertyPath: m_Pivot.x
      value: 0
      objectReference: {fileID: 0}
    - target: {fileID: 5010133155441310460, guid: abbcbdaccd421524cb72de87ae888217,
        type: 3}
      propertyPath: m_Pivot.y
      value: 0
      objectReference: {fileID: 0}
    - target: {fileID: 6252819700935296237, guid: abbcbdaccd421524cb72de87ae888217,
        type: 3}
      propertyPath: _tipoDeAnimal
      value: 
      objectReference: {fileID: 11400000, guid: e06d6a63502f9d044b9aad70ad868c87,
        type: 2}
    - target: {fileID: 7880615610614869372, guid: abbcbdaccd421524cb72de87ae888217,
        type: 3}
      propertyPath: m_textInfo.characterCount
      value: 23
      objectReference: {fileID: 0}
    - target: {fileID: 7880615610614869372, guid: abbcbdaccd421524cb72de87ae888217,
        type: 3}
      propertyPath: m_textInfo.spaceCount
      value: 3
      objectReference: {fileID: 0}
    - target: {fileID: 7880615610614869372, guid: abbcbdaccd421524cb72de87ae888217,
        type: 3}
      propertyPath: m_textInfo.wordCount
      value: 4
      objectReference: {fileID: 0}
    - target: {fileID: 7880615610614869372, guid: abbcbdaccd421524cb72de87ae888217,
        type: 3}
      propertyPath: m_textInfo.lineCount
      value: 1
      objectReference: {fileID: 0}
    - target: {fileID: 7880615610614869372, guid: abbcbdaccd421524cb72de87ae888217,
        type: 3}
      propertyPath: m_textInfo.pageCount
      value: 1
      objectReference: {fileID: 0}
    m_RemovedComponents: []
  m_SourcePrefab: {fileID: 100100000, guid: abbcbdaccd421524cb72de87ae888217, type: 3}
--- !u!1 &7476486237000569189 stripped
GameObject:
  m_CorrespondingSourceObject: {fileID: 1679817679844524045, guid: abbcbdaccd421524cb72de87ae888217,
    type: 3}
  m_PrefabInstance: {fileID: 8110483584353685864}
  m_PrefabAsset: {fileID: 0}
--- !u!224 &3821770846481263508 stripped
RectTransform:
  m_CorrespondingSourceObject: {fileID: 5010133155441310460, guid: abbcbdaccd421524cb72de87ae888217,
    type: 3}
  m_PrefabInstance: {fileID: 8110483584353685864}
  m_PrefabAsset: {fileID: 0}
